<!DOCTYPE html>
<!-- saved from url=(0086)https://www.metro.ca/en/online-grocery/aisles/deli-prepared-meals?sortOrder=popularity -->
<html
  class="vitrine page--productcatalog--shopcategory svg video videoloop videopreload hashchange csscalc cssgradients opacity pointerevents svgasimg cssanimations flexbox bgsizecover csstransforms csstransitions backgroundblendmode desktop landscape linux 64bit chrome chrome109 chrome109_0 webkit en-us videoautoplay desktop-size anonymous"
  lang="en-CA"
  xml:lang="en-CA"
  xmlns="http://www.w3.org/1999/xhtml"
  xmlns:og="http://ogp.me/ns#"
>
  <head>
    <meta http-equiv="Content-Type" content="text/html; charset=UTF-8" />
    <!-- 626F6E6A6F757261746F7573 -->
    <script
      type="text/javascript"
      id="ftr__script"
      async=""
      src="./Deli &amp; Prepared Meals _ Metro_files/main.ef9d37bea7074436624a.js"
    ></script>
    <script
      async=""
      type="text/javascript"
      src="./Deli &amp; Prepared Meals _ Metro_files/gpt.js"
    ></script>
    <script
      type="text/javascript"
      id="ftr__script"
      async=""
      src="./Deli &amp; Prepared Meals _ Metro_files/script.js"
    ></script>
    <script
      async=""
      src="./Deli &amp; Prepared Meals _ Metro_files/gtm.js"
    ></script>
    <script>
      // <![CDATA[
      var buildVersion = "4.65.1+r1981";
      // ]]>
    </script>

    <meta name="format-detection" content="telephone=no" />
    <meta
      name="viewport"
      content="width=device-width, initial-scale=1.0, minimum-scale=1.0"
    />
    <link
      rel="apple-touch-icon-precomposed"
      sizes="57x57"
      href="https://www.metro.ca/images/shared/small/favicon/apple-touch-icon-57x57.png"
    />
    <link
      rel="apple-touch-icon-precomposed"
      sizes="114x114"
      href="https://www.metro.ca/images/shared/small/favicon/apple-touch-icon-114x114.png"
    />
    <link
      rel="apple-touch-icon-precomposed"
      sizes="72x72"
      href="https://www.metro.ca/images/shared/small/favicon/apple-touch-icon-72x72.png"
    />
    <link
      rel="apple-touch-icon-precomposed"
      sizes="144x144"
      href="https://www.metro.ca/images/shared/small/favicon/apple-touch-icon-144x144.png"
    />
    <link
      rel="apple-touch-icon-precomposed"
      sizes="120x120"
      href="https://www.metro.ca/images/shared/small/favicon/apple-touch-icon-120x120.png"
    />
    <link
      rel="apple-touch-icon-precomposed"
      sizes="152x152"
      href="https://www.metro.ca/images/shared/small/favicon/apple-touch-icon-152x152.png"
    />
    <link
      rel="icon"
      type="image/png"
      sizes="32x32"
      href="https://www.metro.ca/images/shared/small/favicon/favicon-32x32.png"
    />
    <link
      rel="icon"
      type="image/png"
      sizes="16x16"
      href="https://www.metro.ca/images/shared/small/favicon/favicon-16x16.png"
    />
    <meta name="application-name" content="Â " />
    <meta name="msapplication-TileColor" content="#FFFFFF" />
    <meta
      name="msapplication-TileImage"
      content="/images/shared/small/favicon/mstile-144x144.png"
    />
    <meta http-equiv="X-UA-Compatible" content="IE=edge,chrome=1" />
    <meta
      property="og:image"
      content="http://www.metro.ca/userfiles/image/facebook/share/metro-1.jpg"
    />
    <meta property="og:type" content="website" />
    <meta
      property="og:url"
      content="https://www.metro.ca/en/online-grocery/aisles/deli-prepared-meals"
    />
    <meta name="p:domain_verify" content="f70a822aa8d375feaf468c50dc8a2a45" />
    <script>
      // <![CDATA[
      var promiseEnabled = !!window.Promise;
      if (promiseEnabled === false) {
        var loadPolyfill = (function loadPolyfill(callback) {
          var script = document.createElement("script");
          script.src = "/js/polyfill-promise-ie.js";
          document.head.appendChild(script);
        })();
      }
      // ]]>
    </script>
    <script>
      /*<![CDATA[*/
      const criteoUrl = "dynamic.criteo.com";
      const criteoKey = "94749";
      /*]]>*/
    </script>
    <script type="text/javascript">
      (function () {
        if (window.attachEvent && !window.addEventListener) {
          return;
        }
        let c = criteoKey,
          d = window.document,
          s = d.createElement("SCRIPT");
        s.src = "//" + criteoUrl + "/js/ld/ld.js?a=" + c;
        s.charset = "utf-8";
        s.id = c;
        d.getElementsByTagName("head")[0].appendChild(s);
      })();
    </script>
    <script
      src="./Deli &amp; Prepared Meals _ Metro_files/ld.js"
      charset="utf-8"
      id="94749"
    ></script>
    <script src="./Deli &amp; Prepared Meals _ Metro_files/script-head.js"></script>
    <script>
      /*<![CDATA[*/
      var storetailUrl = "rscdn.storetail.net";
      var storetailKey = "ST-MTO1901";
      /*]]>*/
    </script>
    <script type="text/javascript">
      (function () {
        if (window.attachEvent && !window.addEventListener) {
          return;
        }
        var c = storetailKey,
          d = window.document,
          s = d.createElement("SCRIPT");
        s.src =
          "//" + storetailUrl + "/" + c + "/tag.js?" + new Date().getTime();
        s.charset = "utf-8";
        s.id = c;
        d.getElementsByTagName("head")[0].appendChild(s);
      })();
    </script>
    <script
      src="./Deli &amp; Prepared Meals _ Metro_files/tag.js"
      charset="utf-8"
      id="ST-MTO1901"
    ></script>
    <meta name="_csrf" content="2201c4ea-1339-4648-b550-f091ccd441e5" />
    <meta name="_csrf_header" content="X-CSRF-TOKEN" />
    <title>Deli &amp; Prepared Meals | Metro</title>
    <meta property="og:title" content="Deli &amp; Prepared Meals | Metro" />
    <meta
      name="description"
      content="Shop for groceries online at metro.ca! See all products in the Deli &amp; Prepared Meals aisle."
    />
    <meta
      property="og:description"
      content="Shop for groceries online at metro.ca! See all products in the Deli &amp; Prepared Meals aisle."
    />
    <meta http-equiv="content-language" content="en" />
    <meta name="robots" content="index,follow" />
    <link
      rel="canonical"
      href="https://www.metro.ca/en/online-grocery/aisles/deli-prepared-meals"
    />
    <link
      rel="alternate"
      hreflang="en-CA"
      href="https://www.metro.ca/en/online-grocery/aisles/deli-prepared-meals"
    />
    <link
      rel="alternate"
      hreflang="fr-CA"
      href="https://www.metro.ca/epicerie-en-ligne/allees/charcuteries-et-plats-prepares"
    />
    <link
      rel="stylesheet"
      href="./Deli &amp; Prepared Meals _ Metro_files/styles.css"
    />
    <script charset="UTF-8">
      window["adrum-start-time"] = new Date().getTime();
      (function (config) {
        config.appKey = "AD-AAB-AAT-NKF";
        config.adrumExtUrlHttp = "http://cdn.appdynamics.com";
        config.adrumExtUrlHttps = "https://cdn.appdynamics.com";
        config.beaconUrlHttp = "http://pdx-col.eum-appdynamics.com";
        config.beaconUrlHttps = "https://pdx-col.eum-appdynamics.com";
        config.xd = { enable: false };
      })(window["adrum-config"] || (window["adrum-config"] = {}));
    </script>
    <script>
      (function () {
        class RuffleMimeType {
          constructor(a, b, c) {
            (this.type = a), (this.description = b), (this.suffixes = c);
          }
        }
        class RuffleMimeTypeArray {
          constructor(a) {
            (this.__mimetypes = []), (this.__named_mimetypes = {});
            for (let b of a) this.install(b);
          }
          install(a) {
            let b = this.__mimetypes.length;
            this.__mimetypes.push(a),
              (this.__named_mimetypes[a.type] = a),
              (this[a.type] = a),
              (this[b] = a);
          }
          item(a) {
            return this.__mimetypes[a];
          }
          namedItem(a) {
            return this.__named_mimetypes[a];
          }
          get length() {
            return this.__mimetypes.length;
          }
        }
        class RufflePlugin extends RuffleMimeTypeArray {
          constructor(a, b, c, d) {
            super(d),
              (this.name = a),
              (this.description = b),
              (this.filename = c);
          }
          install(a) {
            a.enabledPlugin || (a.enabledPlugin = this), super.install(a);
          }
        }
        class RufflePluginArray {
          [Symbol.iterator]() {
            return this.__plugins[Symbol.iterator]();
          }
          constructor(a) {
            (this.__plugins = []), (this.__named_plugins = {});
            for (let b of a) this.install(b);
          }
          install(a) {
            let b = this.__plugins.length;
            this.__plugins.push(a),
              (this.__named_plugins[a.name] = a),
              (this[a.name] = a),
              (this[b] = a);
          }
          item(a) {
            return this.__plugins[a];
          }
          namedItem(a) {
            return this.__named_plugins[a];
          }
          refresh() {}
          get length() {
            return this.__plugins.length;
          }
        }
        const FLASH_PLUGIN = new RufflePlugin(
          "Shockwave Flash",
          "Shockwave Flash 32.0 r0",
          "ruffle.js",
          [
            new RuffleMimeType(
              "application/futuresplash",
              "Shockwave Flash",
              "spl"
            ),
            new RuffleMimeType(
              "application/x-shockwave-flash",
              "Shockwave Flash",
              "swf"
            ),
            new RuffleMimeType(
              "application/x-shockwave-flash2-preview",
              "Shockwave Flash",
              "swf"
            ),
            new RuffleMimeType(
              "application/vnd.adobe.flash.movie",
              "Shockwave Flash",
              "swf"
            ),
          ]
        );
        function install_plugin(a) {
          navigator.plugins.install ||
            Object.defineProperty(navigator, "plugins", {
              value: new RufflePluginArray(navigator.plugins),
              writable: !1,
            }),
            navigator.plugins.install(a),
            0 < a.length &&
              !navigator.mimeTypes.install &&
              Object.defineProperty(navigator, "mimeTypes", {
                value: new RuffleMimeTypeArray(navigator.mimeTypes),
                writable: !1,
              });
          for (var b = 0; b < a.length; b += 1)
            navigator.mimeTypes.install(a[b]);
        }
        install_plugin(FLASH_PLUGIN);
      })();
    </script>
    <script src="chrome-extension://donbcfbmhbcapadipfkeojnmajbakjdc/dist/ruffle.js?id=59238088010"></script>
    <script src="./Deli &amp; Prepared Meals _ Metro_files/adrum-latest.js"></script>
    <style type="text/css">
      .fancybox-margin {
        margin-right: 15px;
      }
    </style>
    <script
      src="./Deli &amp; Prepared Meals _ Metro_files/js"
      type="text/javascript"
    ></script>
  </head>
  <body
    data-reminder-reward-cheque-url="/en/reminderRewardCheque"
    class="shop-aisle loyalty-MM theme-online-grocery sticky-state-container sticky-active"
  >
    <a
      href="https://www.metro.ca/en/online-grocery/aisles/deli-prepared-meals?sortOrder=popularity#content"
      class="invisible-text focusOnMyAnchor"
      tabindex="1"
      >Skip to content</a
    ><svg xmlns="http://www.w3.org/2000/svg" style="display: none">
      <symbol
        viewBox="0 0 483 355"
        id="shared--small--icons--favorite-store"
        xmlns="http://www.w3.org/2000/svg"
      >
        <path
          d="M454.9,117.9,414.1,5.7a.1.1,0,0,0-.1-.1.76.76,0,0,0-.2-.4.35.35,0,0,0-.1-.2c-.1-.1-.1-.2-.2-.3s-.1-.2-.2-.3-.1-.2-.2-.3-.1-.2-.2-.3l-.2-.2-.3-.3-.2-.2c-.1-.1-.2-.2-.3-.2s-.2-.1-.2-.2-.2-.1-.3-.2-.2-.1-.3-.2a.35.35,0,0,1-.2-.1c-.1-.1-.2-.1-.3-.2a.35.35,0,0,1-.2-.1c-.1-.1-.2-.1-.4-.1a.35.35,0,0,1-.2-.1c-.1,0-.2-.1-.3-.1s-.2-.1-.3-.1a.37.37,0,0,1-.3-.1.76.76,0,0,1-.4-.1H73.7a.76.76,0,0,0-.4.1.37.37,0,0,0-.3.1.37.37,0,0,0-.3.1c-.1,0-.2.1-.4.1a.35.35,0,0,0-.2.1c-.1,0-.2.1-.4.1a.35.35,0,0,0-.2.1c-.1.1-.2.1-.3.2a.35.35,0,0,0-.2.1c-.1.1-.2.1-.3.2s-.2.1-.3.2-.2.1-.2.2l-.3.3-.2.2-.3.3-.2.2c-.1.1-.1.2-.2.3s-.1.2-.2.3-.1.2-.2.3-.1.2-.2.3a.35.35,0,0,1-.1.2c-.1.1-.1.3-.2.4v.1L27.4,118l-.4,1.4v1.2a41.21,41.21,0,0,0,75.8,22.1,41.24,41.24,0,0,0,69.2,0,41.24,41.24,0,0,0,69.2,0,41.24,41.24,0,0,0,69.2,0,41.24,41.24,0,0,0,69.2,0,41.61,41.61,0,0,0,23.16,17.19,36.64,36.64,0,0,0,11.44,1.61c21.67-.63,43.21-23.34,41.2-40.9A19.65,19.65,0,0,0,454.9,117.9Zm-358.6.9v.1a.6.6,0,0,1-.1.4v1.1a28,28,0,0,1-28,27.8h0a28,28,0,0,1-27.9-26.9L79.1,14.7H120Zm69,.9v.4a27.9,27.9,0,0,1-55.8.8L133.7,14.6h39.4Zm69.2.5a27.93,27.93,0,0,1-27.9,28h0a28,28,0,0,1-27.9-27.8l7.8-105.8h48Zm41.3,28a27.93,27.93,0,0,1-27.9-28V14.7h48l7.8,105.8A27.93,27.93,0,0,1,275.8,148.2Zm69.1,0h0a27.93,27.93,0,0,1-27.9-28v-.5L309.2,14.6h39.4l24.2,106.3A27.92,27.92,0,0,1,344.9,148.2Zm69.2,0a27.93,27.93,0,0,1-27.9-28v-1.1a.6.6,0,0,0-.1-.4v-.1L362.3,14.7h40.9L442,121.4A28,28,0,0,1,414.1,148.2Z"
          transform="translate(-27 -1.3)"
        ></path>
        <path
          d="M184.8,320.7H75.3v-144a6.7,6.7,0,0,0-13.4,0V334h136l-13.1-13.3ZM300,334l13.2-13.3h94.5v-144a6.7,6.7,0,0,1,13.4,0V334Z"
          transform="translate(-27 -1.3)"
        ></path>
        <path
          d="M332,225.6a44.31,44.31,0,0,0-18.3-20.9,49.38,49.38,0,0,0-25.4-6.9,51.94,51.94,0,0,0-30.9,10.1,50.23,50.23,0,0,0-8.3,7.7,55.73,55.73,0,0,0-8.6-7.5,55.1,55.1,0,0,0-31.7-9.9c-12.6.1-24.4,4.3-33.2,12a43.58,43.58,0,0,0-11.3,15.3,48.2,48.2,0,0,0-4.2,20.3,60.15,60.15,0,0,0,4.1,21c3.9,10.2,10.2,20.8,19.5,32.2,9.7,12.1,22.3,24.6,37.3,37.2,10.3,8.6,18.2,14.3,19.8,15.4a12.57,12.57,0,0,0,7.4,2.4,11.85,11.85,0,0,0,7.3-2.4,341.35,341.35,0,0,0,39-32.8c11.8-11.5,20.8-22.3,27.6-32.9a99,99,0,0,0,9.8-19.1,58,58,0,0,0,4.1-21A49.56,49.56,0,0,0,332,225.6Zm-11.1,37.1a92.39,92.39,0,0,1-8.6,16.8c-6.3,9.7-15,20.1-26,30.9A336.73,336.73,0,0,1,248.8,342l-.1.1a1.05,1.05,0,0,1-1.3,0l-.1-.1c-1.4-1.1-9-6.5-18.9-14.8-14.4-12.1-26.4-24.1-35.7-35.6-8.4-10.5-14.1-19.9-17.5-29a48.64,48.64,0,0,1-3.3-16.9,36.9,36.9,0,0,1,3.2-15.4,31.53,31.53,0,0,1,8.3-11.2,39,39,0,0,1,25.5-9.1,43.51,43.51,0,0,1,35.4,18.7l5,7.2,4.8-7.3a40.37,40.37,0,0,1,34.2-18.9,37.81,37.81,0,0,1,19.4,5.2,32.65,32.65,0,0,1,13.5,15.4,38.61,38.61,0,0,1,3,15.5A49.07,49.07,0,0,1,320.9,262.7Z"
          transform="translate(-27 -1.3)"
        ></path>
      </symbol>
      <symbol
        viewBox="0 0 24 24"
        id="shared--small--icons--questionmark"
        xmlns="http://www.w3.org/2000/svg"
      >
        <path
          d="M12 5a4 4 0 0 0-2.62 1 3.92 3.92 0 0 0-1.29 2.92.56.56 0 0 0 .56.56h.56a.56.56 0 0 0 .56-.56 2.29 2.29 0 0 1 .75-1.68A2.23 2.23 0 0 1 12 6.68a.78.78 0 0 1 .25 0 2.24 2.24 0 0 1 .78 4.2A3.48 3.48 0 0 0 11.15 14v.65a.56.56 0 0 0 .56.56h.56a.56.56 0 0 0 .56-.56V14a1.85 1.85 0 0 1 1-1.59A3.93 3.93 0 0 0 12.46 5 2.39 2.39 0 0 0 12 5zm-.56 12.32a.28.28 0 0 0-.28.28v1.12a.28.28 0 0 0 .28.28h1.12a.28.28 0 0 0 .28-.28V17.6a.28.28 0 0 0-.28-.28z"
        ></path>
        <path
          d="M12 1A11 11 0 1 1 1 12 11 11 0 0 1 12 1m0-1a12 12 0 1 0 12 12A12 12 0 0 0 12 0z"
        ></path>
      </symbol>
      <symbol
        viewBox="0 0 26 24.4"
        preserveAspectRatio="xMinYMid"
        id="shared--small--icons--cart"
        xmlns="http://www.w3.org/2000/svg"
      >
        <path
          d="M11.8 20.7c-1 0-1.8.8-1.8 1.8s.8 1.8 1.8 1.8 1.8-.8 1.8-1.8c.1-1-.8-1.8-1.8-1.8zM20.4 20.7c-1 0-1.8.8-1.8 1.8s.8 1.8 1.8 1.8 1.8-.8 1.8-1.8-.8-1.8-1.8-1.8zM23.2 18.8H9c-.4 0-.7.3-.7.7 0 .4.3.7.7.7h14.2c.4 0 .7-.3.7-.7-.1-.4-.3-.7-.7-.7zM25.7 6.5c-.3-.3-1.2-.5-1.2-.5H7l-.1-.1c-.1 0-.1-.1-.1-.1L6 1.7C6 1.6 5.8 0 4 0H.7C.3 0 0 .3 0 .7s.3.7.7.7H4c.6 0 .7.5.7.6l1.1 5.5v.1s1.3 6.5 1.7 8.7c0 .1.1 1.7 2 1.7h12.9c1.9 0 1.9-1.4 2-1.7.4-2.1 1.7-8.4 1.7-8.4v-.1s-.1-.9-.4-1.3zm-1.1 1.1l-.3 1.7-.6 3s-.6 2.8-.7 3.7c0 .1-.1.6-.7.6H9.4c-.5 0-.7-.5-.7-.6l-.1-.3v-.1l-.1-.7-1-5.7-.4-1.7v-.1c0-.1.1-.1.1-.1H24.6s.1 0 .1.1v.1c-.1 0-.1.1-.1.1z"
        ></path>
      </symbol>
      <symbol
        viewBox="0 0 57.21 57.21"
        id="shared--small--icons--user--circle--off"
        xmlns="http://www.w3.org/2000/svg"
      >
        <path
          d="M28.7,1.59A27.11,27.11,0,1,0,55.81,28.7,27.11,27.11,0,0,0,28.7,1.59Zm.58,15.35a9.23,9.23,0,1,1-9.23,9.23A9.23,9.23,0,0,1,29.28,16.94ZM28.7,35.5c-9.23,0-16.91,5-16.91,13.7,0-8.65,7.68-13.7,16.91-13.7s16.81,5,16.81,13.7C45.51,40.55,37.93,35.5,28.7,35.5Z"
          transform="translate(-0.09 -0.09)"
          fill="none"
          stroke-width="3"
        ></path>
        <circle
          cx="29.28"
          cy="26.17"
          r="9.23"
          transform="translate(-10.02 28.28) rotate(-45)"
          fill="none"
          stroke-width="3"
        ></circle>
      </symbol>
      <symbol
        viewBox="0 0 22 18.22"
        id="shared--small--icons--hamburger"
        xmlns="http://www.w3.org/2000/svg"
      >
        <path
          d="M.26 1.72a1.21 1.21 0 0 1-.2-.33A1.12 1.12 0 0 1 0 1 1.15 1.15 0 0 1 .07.6.9.9 0 0 1 .26.28.85.85 0 0 1 .57.07 1 1 0 0 1 .95 0h20.1a1 1 0 0 1 .37.07.85.85 0 0 1 .31.21.9.9 0 0 1 .2.32A1.15 1.15 0 0 1 22 1a1.12 1.12 0 0 1-.07.4 1.21 1.21 0 0 1-.2.33.85.85 0 0 1-.31.21 1 1 0 0 1-.37.07H.95a1 1 0 0 1-.37-.07.85.85 0 0 1-.32-.22zM21.74 8.4a.91.91 0 0 1 .2.33 1.22 1.22 0 0 1 0 .79.91.91 0 0 1-.2.33.85.85 0 0 1-.31.21 1 1 0 0 1-.37.07H.95a1 1 0 0 1-.37-.07.85.85 0 0 1-.31-.21.91.91 0 0 1-.2-.33 1.22 1.22 0 0 1 0-.79.91.91 0 0 1 .2-.33.85.85 0 0 1 .31-.21 1 1 0 0 1 .37-.07h20.1a1 1 0 0 1 .37.07.85.85 0 0 1 .32.21zM21.74 16.5a.9.9 0 0 1 .2.32 1.15 1.15 0 0 1 .07.39 1.12 1.12 0 0 1-.07.4 1.21 1.21 0 0 1-.2.33.85.85 0 0 1-.31.21 1 1 0 0 1-.37.07H.95a1 1 0 0 1-.37-.07.85.85 0 0 1-.31-.21 1.21 1.21 0 0 1-.2-.33 1.12 1.12 0 0 1-.07-.4 1.15 1.15 0 0 1 .07-.39.9.9 0 0 1 .2-.32.85.85 0 0 1 .31-.21 1 1 0 0 1 .37-.07h20.1a1 1 0 0 1 .37.07.85.85 0 0 1 .32.21z"
          fill-rule="evenodd"
        ></path>
      </symbol>
      <symbol
        viewBox="0 0 24 23.42"
        id="shared--small--icons--magnifier"
        xmlns="http://www.w3.org/2000/svg"
      >
        <path
          d="M23.57,22.2l-6.08-5.89A9.29,9.29,0,0,0,20,9.94,9.71,9.71,0,0,0,10.14.53,9.8,9.8,0,0,0,.23,10a9.74,9.74,0,0,0,9.91,9.51,9.59,9.59,0,0,0,6.17-2.16l6.08,5.89a.78.78,0,0,0,1.08,0,.71.71,0,0,0,.1-1.08Zm-13.47-4A8.37,8.37,0,0,1,1.6,10a8.39,8.39,0,0,1,8.6-8.2A8.39,8.39,0,0,1,18.8,10a8.68,8.68,0,0,1-8.7,8.2Z"
          transform="translate(-0.01 -0.3)"
          stroke="#000"
          stroke-miterlimit="10"
          stroke-width="0.45"
        ></path>
      </symbol>
      <symbol
        viewBox="0 0 24 24"
        id="shared--small--icons--my-list"
        xmlns="http://www.w3.org/2000/svg"
      >
        <path
          d="M20,0H4A4,4,0,0,0,0,4V20a4,4,0,0,0,4,4H20a4,4,0,0,0,4-4V4A4,4,0,0,0,20,0Zm2.33,20.27a2.06,2.06,0,0,1-2.06,2.06H3.73a2.06,2.06,0,0,1-2.06-2.06V3.73A2.06,2.06,0,0,1,3.73,1.67H20.27a2.06,2.06,0,0,1,2.06,2.06Z"
        ></path>
        <circle cx="4.9" cy="6" r="1"></circle>
        <path d="M19.93,5H7.74V7H19.93Z"></path>
        <path d="M19.93,11H7.74v2H19.93Z"></path>
        <path d="M19.93,17H7.74v2H19.93Z"></path>
        <circle cx="4.9" cy="12" r="1"></circle>
        <circle cx="4.9" cy="18" r="1"></circle>
      </symbol>
      <symbol
        viewBox="0 0 20 20"
        id="shared--small--icons--close"
        xmlns="http://www.w3.org/2000/svg"
      >
        <path
          d="M19 20c-.3 0-.5-.1-.7-.3L10 11.4l-8.3 8.3c-.2.2-.4.3-.7.3-.3 0-.5-.1-.7-.3-.4-.4-.4-1 0-1.4L8.6 10 .3 1.7C-.1 1.3-.1.7.3.3.5.1.7 0 1 0c.3 0 .5.1.7.3L10 8.6 18.3.3c.4-.4 1.1-.3 1.4.1.3.4.3.9 0 1.3L11.4 10l8.3 8.3c.4.4.4 1 0 1.4-.2.2-.4.3-.7.3z"
        ></path>
      </symbol>
      <symbol
        viewBox="0 0 37.23 32.62"
        id="shared--small--icons--heart-empty"
        xmlns="http://www.w3.org/2000/svg"
      >
        <path
          d="M34.86 13.87A19.31 19.31 0 0 1 33 17.5a40.14 40.14 0 0 1-5.58 6.5 69.25 69.25 0 0 1-8 6.54 1.48 1.48 0 0 1-1.68 0s-1.73-1.18-4-3.06a56.61 56.61 0 0 1-7.56-7.37 23.11 23.11 0 0 1-3.81-6.2A11 11 0 0 1 1.63 10a8.63 8.63 0 0 1 .76-3.61 7.8 7.8 0 0 1 2-2.69 9.46 9.46 0 0 1 6.11-2.11 10.45 10.45 0 0 1 5.86 1.79 9.47 9.47 0 0 1 2.5 2.47 10.39 10.39 0 0 1 2.42-2.53A9.82 9.82 0 0 1 27 1.5a9.21 9.21 0 0 1 4.67 1.23 7.89 7.89 0 0 1 3.3 3.67 9 9 0 0 1 .7 3.62 10.61 10.61 0 0 1-.77 3.85"
          stroke-miterlimit="10"
          stroke-width="3"
        ></path>
      </symbol>
      <symbol
        viewBox="0 0 433.06 431.79"
        id="shared--small--icons--heart-empty-header"
        xmlns="http://www.w3.org/2000/svg"
      >
        <path
          d="M432,215.9C432.64,98.47,335.7-.35,215.9,0,40.66-3.32-63.34,209.28,43,345.1c0,.1.1.1.1.2,117.14,165,393.25,74.37,389-129.2-.1-.1-.1-.1-.1-.2ZM83.48,360.38s-13.16-11.53-22-23.73A195.21,195.21,0,0,1,82.27,72.74c79.39-73.82,203.59-69.36,277.4,9.93a195.66,195.66,0,0,1,6.08,260h0c-7.76,9.73-19.16,20-19.16,20-75.84,66.92-189.5,65.29-263.11-2.23h0"
          transform="translate(0.41 0.54)"
          stroke-miterlimit="10"
        ></path>
        <path
          d="M322.66,202a126.43,126.43,0,0,1-12.24,23.89,263.63,263.63,0,0,1-36.71,42.77,455.46,455.46,0,0,1-52.65,43,9.75,9.75,0,0,1-11.05,0s-11.38-7.77-26.32-20.14a372.61,372.61,0,0,1-49.75-48.5,152.13,152.13,0,0,1-25.07-40.79A72.58,72.58,0,0,1,104,176.53a56.88,56.88,0,0,1,5-23.76,51.46,51.46,0,0,1,13.16-17.7,62.27,62.27,0,0,1,40.21-13.88A68.74,68.74,0,0,1,200.93,133a62.16,62.16,0,0,1,16.45,16.25,68.45,68.45,0,0,1,15.92-16.65,64.59,64.59,0,0,1,37.64-12,60.57,60.57,0,0,1,30.73,8.09,51.88,51.88,0,0,1,21.72,24.15,59.19,59.19,0,0,1,4.6,23.82A69.79,69.79,0,0,1,322.93,202"
          transform="translate(0.41 0.54)"
          fill="none"
          stroke-miterlimit="10"
          stroke-width="22"
        ></path>
      </symbol>
      <symbol
        viewBox="0 0 117 117"
        id="shared--small--icons--world"
        xmlns="http://www.w3.org/2000/svg"
      >
        <g>
          <g>
            <path
              d="M58.2,14.9v94.4M23.5,36.8H92.9M14.8,62.4h85.3M23.5,87.9H91.3"
              transform="translate(-0.8 -1.5)"
              fill="none"
              stroke="#fff"
              stroke-miterlimit="10"
            ></path>
            <path
              d="M73.1,18.9s24.5,44.7,0,84.7"
              transform="translate(-0.8 -1.5)"
              fill="none"
              stroke="#fff"
              stroke-miterlimit="10"
            ></path>
            <path
              d="M43.2,18.9s-24.4,44.7,0,84.7"
              transform="translate(-0.8 -1.5)"
              fill="none"
              stroke="#fff"
              stroke-miterlimit="10"
            ></path>
          </g>
          <circle
            cx="58.5"
            cy="58.5"
            r="58"
            fill="none"
            stroke="#fff"
            stroke-miterlimit="10"
          ></circle>
        </g>
      </symbol>
      <symbol
        viewBox="0 0 16.8 21.56"
        id="shared--small--icons--edit--outline"
        xmlns="http://www.w3.org/2000/svg"
      >
        <path
          id="b30147e1-26bf-491e-b2ca-362ea7aa11a2"
          d="M11.23,9.48l-6.5,9.1-3.5,1.29.1-3.7,6.5-9.1Zm.59-.8L15.13,4l-3.4-2.4L8.43,6.28ZM5.32,19.37,1.13,21l-1,.39v-1.1l.2-4.4L11,1l.61-.8.8.61,3.4,2.4.8.6-.61.8Z"
          stroke="#fff"
          stroke-miterlimit="10"
          stroke-width="0.25"
          fill-rule="evenodd"
        ></path>
      </symbol>
      <symbol
        viewBox="0 0 128 49.5"
        id="metro-grocer-fr"
        xmlns="http://www.w3.org/2000/svg"
      >
        <g>
          <path
            d="M112.4 22.5c.5.2 1 .3 1.5.3.7 0 1.4-.2 1.9-.4s1.1-.6 1.5-1.2c.5-.6.8-1.2 1.1-2 .3-.8.6-1.7.7-2.7.1-.7.2-1.4.2-2s-.1-1.2-.2-1.7c-.2-.5-.3-1-.6-1.3-.4-.5-.9-.8-1.5-1-.3-.1-.7-.2-1.1-.2h.2c-1.3 0-2.5.5-3.3 1.5-.5.5-.9 1.1-1.2 1.9-.3.8-.6 1.7-.8 2.7-.2.8-.2 1.4-.2 2.1 0 1.6.4 2.6 1 3.3.2.3.5.5.8.7m.7 5.6c-1 0-2.1-.1-2.9-.3-.6-.1-1-.2-1.6-.4-1.4-.4-2.5-1.1-3.5-1.9s-1.7-1.8-2.2-2.9c-.6-1.1-.8-2.5-.8-3.9 0-.6.1-1.4.2-2.1.3-1.9 1-3.6 1.9-5 1-1.4 2.1-2.6 3.4-3.6 2.7-1.9 6-2.9 9.4-2.9 1.7 0 3.4.3 5 .9.8.3 1.7.7 2.4 1.2 1 .7 2 1.7 2.6 2.9s1 2.6 1 4.3c0 .7-.1 1.4-.2 2.2-.4 2.2-1.1 4.1-2.2 5.5-1 1.5-2.4 2.6-3.8 3.6-2.9 1.7-6.1 2.4-8.7 2.4zM85.2 5.8h8.3s-.3 1.8-.5 2.6v.1l.1-.1c1-1 2.2-1.7 3.2-2.1 1-.5 1.9-.6 2.2-.7.4-.1.9-.2 1.4-.2.5-.1 1-.1 1.4-.1.5 0 .9 0 1.3.1l.6.1-1.4 7.3h-.6c-.4-.1-.9-.1-1.3-.1-.6 0-1.3 0-1.9.1s-1.1.2-1.5.3c-.9.3-1.7.6-2.2 1-.6.4-1.1.8-1.5 1.3s-.7 1-1 1.5c-.2.6-.5 1.2-.6 1.9-.6 2.4-1.7 8.7-1.7 8.7h-8.2l3.9-21.7zM68.2 25.9c-.8-.6-1.5-1.4-2-2.3s-.8-2-.8-3.2c0-.6.1-1.2.2-1.8l1.7-7.7h-3l1-5.2h2.9l.7-3.6L77.2 0l-1.1 5.8h5.3l-1 5.2h-5.2l-1.5 6.7c-.1.3-.1.6-.1 1 0 .5.1 1 .2 1.4.6 2.1 2.5 2.3 4.4 2.1l-1 5.5s-1.4.3-3.4.3c-1.8-.1-4-.8-5.6-2.1M55.3 13.5c0-.2.1-.5.1-.7 0-1-.3-1.7-.9-2.3-.4-.4-.9-.6-1.5-.7-.3-.1-.6-.1-1-.1h-.1c-2.3 0-4.2 1.4-5 3.9l8.4-.1zm-8.2 14.4c-.2 0-.6-.1-.8-.2-.7-.2-1.4-.3-2.1-.6-3.2-1.1-5.7-4.5-5.8-8.9 0-.5 0-1 .1-1.5.2-1.7.6-3.3 1.3-4.7s1.5-2.7 2.6-3.7 2.5-1.9 4.1-2.5 3.5-.9 5.7-.9h.6c1.1 0 2.2.2 3.3.6.1 0 .2.1.2.1 1.1.4 2.2 1 3.1 1.8 1 .8 1.7 1.7 2.2 2.9.6 1.2.9 2.5.9 4 0 .9-.2 1.9-.4 2.9l-.1.6h-.5l-15.7-.1v.2c0 1.2.6 2.5 1.7 3.4.6.6 1.4 1 2.3 1.3.6.2 1.4.3 2.1.3h.6c2.1-.2 4.3-.4 6.7-1.4l1.1-.5-1.9 5.4-.2.1c-1.8.9-4.8 1.4-8 1.4h-.1c-1 .2-2 .2-3 0M12.6 27.5l3.1-14.1c0-.2.1-.2.1-.4 0-.5-.2-.9-.5-1.1-.2-.1-.2-.2-.5-.3-.2-.1-.5-.2-.8-.2-1.2 0-2.3.9-2.5 2L8.3 27.5H0l2.9-13.4c.2-1.2.6-2.4 1.1-3.5s1.1-2.1 2-2.9c.8-.9 1.8-1.7 3.1-2.1s2.7-.7 4.5-.7h1c.5 0 .9.1 1.3.2 2.1.4 3.6 1.4 4.8 2.8 1-.8 2.3-1.5 3.7-2.1 1.4-.6 2.8-.9 4.1-.9h.2c1 0 2 .1 2.8.2.3.1.6.2.8.2 1 .3 1.8.8 2.5 1.4s1 1.3 1.2 2c.3.8.4 1.7.4 2.6 0 .8-.1 1.7-.3 2.5l-2.7 13.6H25l2.9-14V13c0-.4-.2-.9-.5-1.1-.1-.1-.2-.2-.3-.2-.2-.2-.6-.2-.9-.2-1.2 0-2.3.9-2.5 2l-2.8 14h-8.3zM63.1 31.9l-4.7 1.3-.4 2.1 4.7-1.3zM57.1 39.8c.3-1 1-1.5 2-1.5h.4c.2.1.5.2.6.3.2.2.3.6.3 1v.3l-3.3-.1zm2.2 3.8h-.2c-.3 0-.6 0-.9-.1-.4-.1-.6-.3-.9-.5-.4-.4-.6-.9-.6-1.4v-.1H63l.1-.2c.1-.4.2-.8.2-1.2 0-.6-.2-1.1-.3-1.6-.2-.5-.6-.9-.9-1.1-.4-.3-.8-.6-1.3-.7h-.1c-.4-.2-.9-.2-1.3-.2h-.2c-.9 0-1.6.1-2.2.3-.6.2-1.2.6-1.6 1-.5.4-.8.9-1 1.4s-.4 1.2-.5 1.8c0 .2-.1.4-.1.6 0 1.7 1 3.1 2.3 3.5.2.1.6.2.8.2.1 0 .2.1.3.1.4.1.8.1 1.3.1 1.2 0 2.5-.2 3.2-.6l.1-.1.8-2.1-.4.3c-1.2.4-2 .5-2.9.6M34.8 40.9c-.1.4-.2.8-.3 1-.2.3-.2.6-.5.8-.2.2-.4.4-.6.5-.2.1-.5.2-.7.2-.2 0-.4 0-.6-.1-.2-.1-.2-.2-.4-.2-.2-.2-.4-.6-.4-1.3 0-.2 0-.5.1-.8.1-.4.2-.8.3-1.1.2-.3.3-.6.5-.8.4-.4.8-.6 1.4-.6.2 0 .3 0 .4.1.2.1.5.2.6.4s.2.3.2.5.1.4.1.6c0 .3-.1.5-.1.8m2-3.6c-.3-.2-.6-.4-1-.5-.6-.2-1.4-.3-2-.3-1.4 0-2.6.4-3.7 1.2-.6.4-1 .9-1.4 1.4-.4.6-.6 1.2-.7 2v.8c0 .6.1 1.1.3 1.6.2.5.5.9.9 1.2s.9.6 1.4.7c.2.1.4.2.6.2.4.1.8.1 1.2.1 1 0 2.3-.2 3.4-1 .6-.3 1.1-.8 1.5-1.4.4-.6.7-1.4.9-2.1.1-.3.1-.6.1-.9 0-.6-.2-1.3-.4-1.7-.3-.7-.7-1.1-1.1-1.3M76.6 34.7c.2.1.3.2.5.3.1 0 .2.1.2.1.2 0 .3.1.5.1.4 0 .9-.1 1.3-.4.2-.2.4-.3.6-.6.2-.2.2-.5.3-.8v-.3c0-.2-.1-.5-.2-.6-.1-.2-.2-.3-.4-.4-.1-.1-.2-.1-.3-.1-.2-.1-.5-.2-.7-.2-.5 0-1 .2-1.4.4-.2.2-.4.3-.5.6-.2.2-.2.5-.3.7v.3c0 .2 0 .4.1.6l.3.3M110.9 36.6h-1.1c-.2 0-.4.1-.6.1s-.5.1-.9.3-.9.4-1.3.8c.1-.3.2-1 .2-1h-3.3l-1.7 8.6h3.3s.5-2.5.7-3.4c.1-.2.2-.6.2-.7.1-.2.2-.4.4-.6.2-.2.4-.3.6-.5s.6-.2.9-.4c.2-.1.4-.1.6-.2.2 0 .5-.1.7-.1h.7l.6-2.9zM74.3 45.3h3.2l1.7-8.6h-3.4zM70.8 41c-.1.4-.2.7-.3 1-.2.3-.2.6-.5.8-.2.2-.4.4-.6.5s-.5.2-.7.2c-.2 0-.4 0-.6-.1s-.2-.2-.4-.2c-.2-.2-.4-.6-.4-1.3 0-.2 0-.5.1-.8.1-.4.2-.7.3-1 .2-.3.3-.6.5-.7.4-.4.8-.6 1.4-.6.2 0 .3 0 .4.1.2.1.5.2.6.4s.2.3.2.5c.1.2.1.4.1.6 0 .1-.1.3-.1.6m2.3-3.7c-.2-.2-.5-.3-.8-.5-.6-.2-1.1-.3-1.6-.3-1 0-1.8.4-2.6 1l.2-.8H65l-1.4 7.7-1 5.2h3.3l.8-4.3.2-.6c.1.1.1.2.2.2.3.3.7.6 1.1.7.2.1.3.1.5.2.3.1.6.1 1 .1.8 0 1.8-.3 2.8-1.1.5-.4.9-.9 1.2-1.4.3-.6.6-1.4.7-2.2.1-.3.1-.6.1-.9 0-.6-.2-1.3-.3-1.7-.5-.7-.8-1-1.1-1.3M99.5 39.5v.3h-3.3c.3-1 1-1.5 2-1.5h.4c.2.1.5.2.6.3.1.2.3.5.3.9zm1.5-2.1c-.4-.3-.8-.6-1.3-.7h-.1c-.4-.2-.9-.2-1.3-.2h-.2c-.9 0-1.6.1-2.2.3s-1.2.6-1.6 1c-.5.4-.8.9-1 1.4s-.4 1.2-.5 1.8c0 .2-.1.4-.1.6 0 1.7 1 3.1 2.3 3.5.2.1.6.2.8.2.1 0 .2.1.3.1.4.1.8.1 1.3.1 1.2 0 2.5-.2 3.2-.6l.1-.1.8-2.1-.4.2c-1 .4-1.8.5-2.6.6h-.2c-.3 0-.6 0-.9-.1-.4-.1-.6-.3-.9-.5-.4-.4-.6-.9-.6-1.4v-.1h6.4l.1-.2c.1-.4.2-.8.2-1.2 0-.6-.2-1.1-.3-1.6-.6-.3-.9-.6-1.3-1M26.6 37.1c-.2-.2-.6-.4-1-.6-.1 0-.2-.1-.3-.1-.3-.1-.7-.1-1.1-.1h-.1c-.6 0-1.1.2-1.7.3-.6.2-1 .5-1.4.8-.5-.6-1.1-1-1.9-1.1-.2 0-.3-.1-.5-.1h-.4c-.7 0-1.3.1-1.7.3-.5.2-.9.5-1.2.8s-.6.7-.8 1.2c-.3.5-.3 1-.5 1.5l-1.2 5.3h3.3l1.3-5.6c.1-.5.6-.8 1-.8.1 0 .2 0 .3.1.1 0 .2.1.2.1.1.1.2.2.2.5v.2l-1.2 5.6h3.3l1.1-5.6c.1-.5.6-.8 1-.8.2 0 .2 0 .3.1.1 0 .1.1.2.1.2.1.2.3.2.5v.2l-1.1 5.6h3.3l1.1-5.3c.1-.3.1-.7.1-1 0-.4-.1-.7-.2-1-.2-.6-.4-.8-.6-1.1M46.1 36.4c-1.2 0-2.1.3-3 1.4l.2-1.1h-3.2l-1.7 8.6h3.2l.9-4.5c.2-1 .7-1.9 2-1.9 1.4 0 1 1.4.8 2.1l-.8 4.2h3.2l1-5.3c.4-2-.3-3.5-2.6-3.5M90 34.7c.2.1.3.2.5.3.1 0 .2.1.2.1.2 0 .3.1.5.1.4 0 .9-.1 1.3-.4.2-.2.4-.3.6-.6.2-.2.2-.5.3-.8v-.3c0-.2-.1-.5-.2-.6-.1-.2-.2-.3-.4-.4-.1-.1-.3-.1-.3-.1-.2-.1-.5-.2-.7-.2-.5 0-1 .2-1.4.4-.2.2-.4.3-.5.6-.2.2-.2.5-.2.7v.3c0 .2 0 .4.1.6 0 .1 0 .2.2.3M87.6 45.3h3.3l1.6-8.6h-3.3zM87.3 36.7c-.6-.2-1.4-.3-2-.3-1.4 0-2.6.4-3.7 1.2-.6.4-1 .9-1.4 1.4-.4.6-.6 1.2-.7 2-.1.3-.1.6-.1.8 0 .6.1 1.1.3 1.6.2.5.5.9.9 1.2s.9.6 1.4.7c.2.1.4.1.6.2.4.1.8.1 1.2.1.7 0 1.6-.2 2.5-.5l.5-2.4-.1.1c-.2.2-.6.4-.9.5s-.7.2-1.1.2c-.3 0-.6 0-.9-.1-.2-.1-.4-.2-.6-.2-.4-.2-.6-.6-.6-1.3 0-.2 0-.5.1-.8.1-.4.2-.8.5-1.1.2-.3.4-.6.7-.8.6-.4 1.2-.6 2-.6.2 0 .4 0 .6.1.4.1.6.2.9.4l.1.1.4-2.1c-.3-.2-.4-.3-.6-.4"
          ></path>
        </g>
      </symbol>
      <symbol
        viewBox="0 0 128 50.2"
        id="metro-grocer-en"
        xmlns="http://www.w3.org/2000/svg"
      >
        <g>
          <path
            d="M49.8,47.4l-0.7,2.4c0.7,0.3,2,0.4,2.2,0.4c2.8,0,6.4-0.9,7.3-4.9l0.8-4l0.7-3.9l0,0l0.2-0.8H57l-0.1,0.8c-0.6-0.6-1.4-0.9-2.3-1l0,0c-0.5,0-1.1,0.1-1.7,0.3c-0.3,0.1-0.6,0.3-0.9,0.5c-0.4,0.3-0.9,0.6-1.3,1.1c-0.4,0.5-0.7,1-1,1.7c-0.1,0.3-0.2,0.6-0.3,0.9c-0.2,0.9-0.2,1.6-0.1,2.2c0.1,0.6,0.4,1.1,0.7,1.5c0.7,0.7,1.6,1.1,2.4,1.1l0,0c0.3,0,0.7,0,1-0.1c0.2,0,0.4-0.1,0.6-0.1c0.5-0.2,1-0.4,1.4-0.7l0.1-0.1l0,0C54.7,47.8,52.2,48.1,49.8,47.4z M55,43.1c-0.1,0.1-0.3,0.2-0.5,0.2c-0.2,0.1-0.4,0.1-0.7,0.1l0,0c-0.3,0-0.5-0.1-0.7-0.2c-0.2-0.1-0.3-0.3-0.4-0.5c-0.1-0.2-0.2-0.5-0.2-0.8s0-0.6,0.1-1c0.1-0.3,0.1-0.5,0.2-0.8c0.1-0.2,0.2-0.5,0.3-0.7s0.3-0.4,0.4-0.5c0.2-0.2,0.5-0.3,0.7-0.4c0.1,0,0.3,0,0.4,0l0,0c0.5,0,0.9,0.2,1.1,0.6c0.1,0.2,0.2,0.4,0.2,0.7s0,0.7-0.1,1.1c-0.1,0.3-0.1,0.6-0.2,0.8l0,0C55.7,42.4,55.4,42.8,55,43.1z"
          ></path>
          <path
            d="M113.1,28.1c-1.1,0-2-0.1-3-0.3c-0.5-0.1-1.1-0.2-1.6-0.4c-1.4-0.4-2.5-1.1-3.5-1.9s-1.7-1.8-2.2-3S102,20,102,18.6c0-0.7,0.1-1.4,0.2-2.1c0.3-1.9,1-3.6,1.9-5s2.1-2.6,3.5-3.6C110.3,6,113.7,5,117,5l0,0c1.6,0,3.4,0.3,5,0.9c0.8,0.3,1.6,0.7,2.4,1.2c1.1,0.7,2,1.7,2.6,2.9s1,2.6,1,4.3c0,0.7-0.1,1.4-0.2,2.2c-0.4,2.2-1.1,4-2.2,5.5c-1,1.5-2.4,2.7-3.8,3.5C119,27.4,115.7,28.1,113.1,28.1L113.1,28.1 M112.5,22.5c0.5,0.2,1,0.3,1.5,0.3l0,0c0.7,0,1.3-0.2,1.9-0.4c0.6-0.3,1.1-0.7,1.5-1.2c0.5-0.5,0.8-1.2,1.1-2c0.3-0.8,0.5-1.7,0.7-2.7c0.1-0.7,0.2-1.4,0.2-2s-0.1-1.2-0.2-1.7s-0.3-0.9-0.6-1.3c-0.4-0.5-0.9-0.8-1.5-1c-0.3-0.1-0.7-0.1-1.1-0.1l0,0c-1.3,0-2.5,0.5-3.4,1.5c-0.5,0.5-0.9,1.1-1.2,1.9c-0.3,0.8-0.6,1.7-0.8,2.7c-0.1,0.8-0.2,1.4-0.2,2l0,0c0,1.6,0.4,2.6,1,3.2C111.8,22.1,112.1,22.3,112.5,22.5z"
          ></path>
          <path
            d="M85.3,5.8h8.3c0,0-0.3,1.9-0.5,2.6v0.1l0,0c1-1,2.2-1.7,3.2-2.1s1.9-0.7,2.2-0.7c0.4-0.1,0.8-0.2,1.3-0.2s1-0.1,1.4-0.1c0.5,0,0.9,0,1.3,0l0.6,0.1l-1.5,7.4h-0.5c-0.4-0.1-0.8-0.1-1.3-0.1c-0.6,0-1.3,0-1.9,0.1s-1.1,0.2-1.5,0.3c-0.9,0.3-1.6,0.6-2.3,1c-0.6,0.4-1.1,0.8-1.5,1.2s-0.7,1-1,1.5c-0.3,0.6-0.5,1.2-0.6,1.9c-0.6,2.4-1.7,8.6-1.7,8.6h-8.2L85.3,5.8"
          ></path>
          <path
            d="M68.2,25.9c-0.8-0.6-1.5-1.4-2-2.3s-0.8-2-0.8-3.2c0-0.6,0.1-1.2,0.2-1.8l1.7-7.7h-3l1-5.2h3L69,2.2L77.2,0l-1.1,5.8h5.4l-1,5.2h-5.2l-1.5,6.7c-0.1,0.3-0.1,0.7-0.1,1c0,0.5,0.1,0.9,0.2,1.3c0.6,2.1,2.5,2.3,4.4,2.1l-1,5.5c0,0-1.5,0.3-3.4,0.3l0,0C71.9,27.9,69.8,27.2,68.2,25.9"
          ></path>
          <path
            d="M47.1,27.9c-0.3,0-0.6-0.1-0.8-0.1c-0.7-0.1-1.4-0.3-2.1-0.5c-3.1-1.1-5.8-4.6-5.8-8.9l0,0c0-0.5,0-1,0.1-1.5c0.2-1.7,0.7-3.2,1.3-4.7c0.6-1.4,1.5-2.7,2.6-3.7s2.5-1.9,4.1-2.4c1.6-0.6,3.5-0.9,5.7-0.9c0.2,0,0.4,0,0.5,0c1.1,0,2.2,0.2,3.3,0.6c0.1,0,0.1,0,0.2,0.1c1.1,0.4,2.2,1,3.1,1.8c0.9,0.8,1.7,1.8,2.3,2.9c0.5,1.2,0.9,2.5,0.9,4c0,0.9-0.1,1.9-0.4,2.9L62,17.8h-0.5l-15.6-0.1l0,0c0,0.1,0,0.2,0,0.3c0,1.2,0.6,2.5,1.6,3.4c0.6,0.6,1.4,1,2.3,1.3c0.6,0.2,1.4,0.3,2.1,0.3c0.2,0,0.4,0,0.7,0c2.1-0.2,4.3-0.4,6.7-1.4l1.1-0.4l-1.9,5.4l-0.2,0.1c-1.8,0.9-4.9,1.4-8,1.4l0,0C49.2,28.1,48.1,28.1,47.1,27.9 M55.3,13.5L55.3,13.5c0-0.3,0.1-0.5,0.1-0.7l0,0c0-1-0.3-1.8-0.9-2.3c-0.4-0.4-0.9-0.6-1.5-0.7c-0.3-0.1-0.6-0.1-0.9-0.1l0,0c-2.3,0-4.2,1.4-5,3.9l0,0h8.2C55.3,13.6,55.3,13.5,55.3,13.5z"
          ></path>
          <path
            d="M12.5,27.5l3.1-14.1c0-0.2,0-0.3,0-0.4l0,0c0-0.4-0.2-0.9-0.5-1.1c-0.1-0.1-0.3-0.2-0.4-0.3c-0.2-0.1-0.5-0.2-0.8-0.2c-1.2,0-2.3,0.9-2.5,2L8.2,27.5H0l2.9-13.4c0.3-1.2,0.6-2.4,1.1-3.5s1.1-2.1,2-2.9c0.8-0.8,1.8-1.6,3.1-2c1.3-0.5,2.7-0.8,4.5-0.8c0.3,0,0.7,0,1.1,0C15,5,15.5,5,15.9,5.1c2,0.4,3.6,1.4,4.8,2.8l0,0l0,0c1-0.9,2.3-1.6,3.7-2.1c1.3-0.5,2.8-0.9,4.1-0.9h0.2c1.1,0,2,0.1,2.8,0.3c0.3,0.1,0.6,0.1,0.8,0.2c1,0.3,1.8,0.8,2.4,1.4c0.6,0.6,1.1,1.3,1.4,2.1c0.3,0.8,0.4,1.7,0.4,2.6c0,0.8-0.1,1.7-0.3,2.6l-2.9,13.5H25l2.9-14c0-0.1,0-0.3,0-0.4l0,0c0-0.4-0.2-0.8-0.5-1.1c-0.1-0.1-0.2-0.2-0.4-0.2c-0.2-0.1-0.6-0.2-0.9-0.2l0,0c-1.2,0-2.3,0.9-2.6,2l-2.8,14h-8.2"
          ></path>
          <path
            d="M106.3,36.5c-0.1,0-0.3,0-0.5,0s-0.4,0-0.6,0s-0.4,0-0.5,0.1c-0.1,0-0.5,0.1-0.9,0.3s-0.9,0.4-1.3,0.8l0,0l0,0c0.1-0.3,0.2-1,0.2-1h-3.3l-1.6,8.7h3.3c0,0,0.5-2.5,0.7-3.5c0.1-0.3,0.1-0.5,0.3-0.8c0.1-0.2,0.2-0.4,0.4-0.6c0.2-0.2,0.4-0.3,0.6-0.5s0.5-0.3,0.9-0.4c0.2-0.1,0.4-0.1,0.6-0.1s0.5,0,0.8,0c0.2,0,0.4,0,0.5,0h0.2l0.6-2.9L106.3,36.5z"
          ></path>
          <path
            d="M96.3,37.4c-0.4-0.3-0.8-0.6-1.3-0.7h-0.1c-0.4-0.1-0.9-0.2-1.3-0.2c-0.1,0-0.1,0-0.2,0c-0.9,0-1.6,0.1-2.3,0.4c-0.7,0.2-1.2,0.6-1.6,1s-0.8,0.9-1.1,1.5c-0.3,0.6-0.4,1.2-0.5,1.9c0,0.2,0,0.4,0,0.6l0,0c0,1.7,1,3.1,2.3,3.6c0.3,0.1,0.5,0.2,0.8,0.2c0.1,0,0.2,0,0.3,0.1c0.4,0.1,0.8,0.1,1.3,0.1l0,0c1.2,0,2.5-0.2,3.2-0.6h0.1l0.8-2.2L96.3,43c-1,0.4-1.8,0.5-2.7,0.5c-0.1,0-0.2,0-0.3,0c-0.3,0-0.6,0-0.9-0.1c-0.4-0.1-0.7-0.3-0.9-0.5c-0.4-0.4-0.7-0.9-0.7-1.4v-0.1l0,0h6.3h0.2v-0.2c0.1-0.4,0.1-0.8,0.1-1.2c0-0.6-0.1-1.1-0.3-1.6C97,38.1,96.7,37.7,96.3,37.4z M94.7,39.5c0,0.1,0,0.2,0,0.3l0,0h-3.3l0,0c0.3-1,1.1-1.6,2-1.6l0,0c0.1,0,0.3,0,0.4,0c0.2,0,0.5,0.1,0.6,0.3C94.6,38.8,94.7,39.1,94.7,39.5L94.7,39.5z"
          ></path>
          <path
            d="M33.5,37c-0.3-0.2-0.6-0.4-1-0.5c-0.1,0-0.2-0.1-0.3-0.1c-0.3-0.1-0.7-0.1-1.1-0.1H31c-0.5,0-1.1,0.1-1.7,0.3c-0.5,0.2-1.1,0.5-1.5,0.8l0,0l0,0c-0.5-0.5-1.1-1-1.9-1.1c-0.2,0-0.3-0.1-0.5-0.1s-0.3,0-0.4,0c-0.7,0-1.3,0.1-1.8,0.3S22.3,37,22,37.3s-0.6,0.7-0.8,1.2c-0.2,0.5-0.4,1-0.5,1.5l-1.2,5.4h3.3l1.3-5.6c0.1-0.4,0.5-0.8,1-0.8c0.1,0,0.2,0,0.3,0.1c0.1,0,0.1,0.1,0.2,0.1c0.1,0.1,0.2,0.3,0.2,0.4l0,0c0,0.1,0,0.1,0,0.2l-1.2,5.6H28l1.1-5.6c0.1-0.5,0.5-0.8,1-0.8l0,0c0.1,0,0.3,0,0.4,0.1c0.1,0,0.1,0.1,0.1,0.1c0.1,0.1,0.2,0.3,0.2,0.5l0,0c0,0.1,0,0.1,0,0.2l-1.2,5.6h3.3l1.1-5.4c0.1-0.4,0.1-0.7,0.1-1c0-0.4-0.1-0.7-0.2-1C33.9,37.6,33.7,37.3,33.5,37z"
          ></path>
          <path
            d="M68.3,36.5c-0.1,0-0.3,0-0.5,0s-0.4,0-0.6,0s-0.4,0-0.5,0.1c-0.1,0-0.5,0.1-0.9,0.3s-0.9,0.4-1.3,0.8l0,0l0,0c0.1-0.3,0.2-1,0.2-1h-3.3l-1.6,8.7h3.3c0,0,0.5-2.5,0.7-3.5c0.1-0.3,0.1-0.5,0.3-0.8c0.1-0.2,0.2-0.4,0.4-0.6c0.2-0.2,0.4-0.3,0.6-0.5s0.5-0.3,0.9-0.4c0.2-0.1,0.4-0.1,0.6-0.1s0.5,0,0.8,0c0.2,0,0.4,0,0.5,0H68l0.6-2.9L68.3,36.5z"
          ></path>
          <path
            d="M77.2,37.2c-0.3-0.2-0.6-0.4-0.9-0.5c-0.6-0.2-1.3-0.4-2-0.4l0,0c-1.3,0-2.7,0.4-3.8,1.2c-0.5,0.4-1,0.9-1.4,1.4c-0.4,0.6-0.6,1.2-0.8,2c0,0.3-0.1,0.6-0.1,0.8c0,0.6,0.1,1.1,0.3,1.6c0.2,0.5,0.5,0.9,0.9,1.2s0.9,0.6,1.4,0.8c0.2,0.1,0.4,0.1,0.6,0.2c0.4,0.1,0.8,0.1,1.2,0.1l0,0c1,0,2.3-0.3,3.5-1c0.6-0.4,1.1-0.8,1.5-1.4c0.4-0.6,0.7-1.3,0.9-2.2c0.1-0.3,0.1-0.6,0.1-0.9c0-0.7-0.2-1.3-0.4-1.7C78,37.9,77.6,37.5,77.2,37.2z M75.2,41c-0.1,0.4-0.2,0.8-0.3,1.1c-0.1,0.3-0.3,0.6-0.5,0.8s-0.4,0.4-0.6,0.5s-0.5,0.2-0.8,0.2l0,0c-0.2,0-0.4,0-0.6-0.1c-0.1-0.1-0.3-0.1-0.4-0.2c-0.3-0.3-0.4-0.7-0.4-1.3l0,0c0-0.2,0-0.5,0.1-0.8c0.1-0.4,0.2-0.8,0.3-1.1c0.1-0.3,0.3-0.6,0.5-0.8c0.4-0.4,0.8-0.6,1.4-0.6l0,0c0.2,0,0.3,0,0.4,0.1c0.3,0.1,0.5,0.2,0.6,0.4c0.1,0.1,0.2,0.3,0.3,0.5c0.1,0.2,0.1,0.4,0.1,0.7C75.3,40.4,75.3,40.7,75.2,41z"
          ></path>
          <path
            d="M87.3,36.8c-0.6-0.2-1.3-0.4-2-0.4l0,0c-1.3,0-2.7,0.4-3.8,1.2c-0.5,0.4-1,0.9-1.4,1.4c-0.4,0.6-0.6,1.2-0.8,2c0,0.3-0.1,0.6-0.1,0.8c0,0.6,0.1,1.1,0.3,1.6c0.2,0.5,0.5,0.9,0.9,1.2s0.9,0.6,1.4,0.8c0.2,0.1,0.4,0.1,0.6,0.2c0.4,0.1,0.8,0.1,1.2,0.1l0,0c0.7,0,1.6-0.2,2.5-0.5l0.5-2.4l-0.1,0.1c-0.3,0.2-0.6,0.4-0.9,0.5s-0.7,0.2-1.1,0.2l0,0c-0.3,0-0.6,0-0.9-0.1c-0.2-0.1-0.4-0.1-0.5-0.2c-0.4-0.3-0.6-0.7-0.6-1.3l0,0c0-0.2,0-0.5,0.1-0.8c0.1-0.4,0.2-0.8,0.4-1.1c0.2-0.3,0.4-0.6,0.7-0.8c0.5-0.4,1.2-0.6,2-0.6l0,0c0.2,0,0.4,0,0.6,0.1c0.4,0.1,0.7,0.2,0.9,0.4l0.1,0.1l0.4-2.1C87.7,36.9,87.5,36.8,87.3,36.8z"
          ></path>
          <g>
            <path
              d="M45.5,36.7h-3.3l-2.9,5l-1.2-5H35l2.3,8.6l-2.6,4.4h3.2L45.5,36.7z"
            ></path>
          </g>
        </g>
      </symbol>
      <symbol
        viewBox="0 0 161 35.4"
        id="logo-metro"
        xmlns="http://www.w3.org/2000/svg"
      >
        <g>
          <path
            d="M141.4,28.3c0.6,0.2,1.3,0.4,1.9,0.4h0c0.9,0,1.7-0.2,2.4-0.5c0.7-0.3,1.4-0.8,1.9-1.5c0.6-0.7,1-1.5,1.4-2.5c0.4-1,0.7-2.1,0.9-3.4c0.1-0.9,0.2-1.7,0.2-2.5c0-0.8-0.1-1.5-0.2-2.1c-0.2-0.6-0.4-1.2-0.8-1.6c-0.5-0.6-1.1-1-1.9-1.2c-0.4-0.1-0.9-0.2-1.4-0.2H146c-1.6,0-3.1,0.6-4.2,1.9c-0.6,0.6-1.1,1.4-1.5,2.4c-0.4,1-0.8,2.1-1,3.4c-0.2,1-0.2,1.8-0.2,2.6v0c0,2,0.5,3.3,1.3,4.1C140.6,27.8,141,28.1,141.4,28.3 M142.3,35.4c-1.3,0-2.6-0.1-3.7-0.4c-0.7-0.1-1.3-0.3-2-0.5c-1.7-0.5-3.2-1.4-4.4-2.4c-1.2-1-2.2-2.3-2.8-3.7c-0.7-1.4-1-3.1-1-4.9c0-0.8,0.1-1.7,0.2-2.6c0.4-2.4,1.2-4.5,2.4-6.3c1.2-1.8,2.6-3.3,4.3-4.5c3.4-2.4,7.6-3.7,11.8-3.7h0c2.1,0,4.3,0.4,6.3,1.1c1,0.4,2.1,0.9,3,1.5c1.3,0.9,2.5,2.1,3.3,3.6c0.8,1.5,1.3,3.3,1.3,5.4c0,0.9-0.1,1.8-0.3,2.8c-0.5,2.8-1.4,5.1-2.8,6.9c-1.3,1.9-3,3.3-4.8,4.5C149.6,34.5,145.5,35.4,142.3,35.4L142.3,35.4z"
          ></path>
          <path
            d="M107.2,7.3h10.4c0,0-0.4,2.3-0.6,3.3l0,0.1l0.1-0.1c1.2-1.3,2.8-2.1,4-2.6c1.3-0.6,2.4-0.8,2.8-0.9c0.5-0.1,1.1-0.2,1.7-0.2c0.6-0.1,1.2-0.1,1.8-0.1c0.6,0,1.1,0,1.6,0.1l0.8,0.1l-1.8,9.2h-0.7c-0.5-0.1-1.1-0.1-1.6-0.1c-0.8,0-1.6,0-2.4,0.1c-0.7,0.1-1.4,0.2-1.9,0.4c-1.1,0.4-2.1,0.8-2.8,1.3c-0.8,0.5-1.4,1-1.9,1.6c-0.5,0.6-0.9,1.2-1.2,1.9c-0.3,0.7-0.6,1.5-0.8,2.4c-0.7,3-2.2,10.9-2.2,10.9l-10.3,0L107.2,7.3z"
          ></path>
          <path
            d="M85.8,32.6c-1-0.8-1.9-1.7-2.5-2.9c-0.6-1.1-1-2.5-1-4c0-0.7,0.1-1.5,0.2-2.3l2.2-9.7h-3.8l1.2-6.5h3.7l0.9-4.5L97.1,0l-1.4,7.3h6.7l-1.2,6.5h-6.6l-1.9,8.4c-0.1,0.4-0.1,0.8-0.1,1.2c0,0.6,0.1,1.2,0.2,1.7c0.8,2.7,3.1,2.9,5.5,2.6l-1.2,6.9c0,0-1.8,0.4-4.3,0.4h0C90.5,35.1,87.8,34.2,85.8,32.6"
          ></path>
          <path
            d="M69.5,17L69.5,17c0-0.3,0.1-0.6,0.1-0.9v0c0-1.2-0.4-2.2-1.1-2.9c-0.5-0.5-1.1-0.8-1.9-0.9c-0.4-0.1-0.7-0.1-1.2-0.1h-0.1c-2.9,0-5.3,1.8-6.3,4.9l0,0H69.5z M59.2,35.1c-0.3,0-0.7-0.1-1-0.2c-0.9-0.2-1.8-0.4-2.6-0.7c-4-1.4-7.2-5.7-7.3-11.2v0c0-0.6,0-1.3,0.1-1.9c0.3-2.1,0.8-4.1,1.6-5.9c0.8-1.8,1.9-3.4,3.3-4.6c1.4-1.3,3.1-2.4,5.2-3.1c2-0.7,4.4-1.1,7.2-1.1c0.2,0,0.4,0,0.7,0c1.4,0,2.8,0.3,4.1,0.7c0.1,0,0.2,0.1,0.3,0.1c1.4,0.5,2.8,1.3,3.9,2.3c1.2,1,2.1,2.2,2.8,3.7c0.7,1.5,1.1,3.1,1.1,5c0,1.1-0.2,2.4-0.5,3.7L78,22.4h-0.6l-19.7-0.1l0,0c0,0.1,0,0.2,0,0.3c0,1.5,0.7,3.1,2.1,4.3c0.8,0.7,1.7,1.3,2.9,1.6c0.8,0.3,1.7,0.4,2.7,0.4c0.3,0,0.5,0,0.8,0c2.7-0.2,5.4-0.5,8.4-1.7l1.4-0.6l-2.4,6.8l-0.3,0.1c-2.3,1.1-6.1,1.8-10,1.8h-0.1C61.8,35.4,60.5,35.3,59.2,35.1"
          ></path>
          <path
            d="M15.8,34.6l3.9-17.7c0-0.2,0.1-0.3,0.1-0.5v0c0-0.6-0.2-1.1-0.6-1.4c-0.2-0.1-0.3-0.3-0.6-0.4c-0.3-0.1-0.6-0.2-1-0.2c-1.5,0-2.9,1.1-3.2,2.5l-4,17.7H0l3.6-16.9c0.3-1.5,0.8-3,1.4-4.4c0.6-1.4,1.4-2.6,2.5-3.7c1-1.1,2.3-2,3.9-2.6c1.6-0.6,3.4-0.9,5.7-0.9c0.4,0,0.9,0,1.3,0c0.6,0,1.1,0.1,1.6,0.2c2.6,0.5,4.5,1.8,6,3.5l0,0l0,0c1.3-1,2.9-1.9,4.6-2.6c1.7-0.7,3.5-1.1,5.2-1.1H36c1.3,0,2.5,0.1,3.5,0.3c0.4,0.1,0.7,0.2,1,0.3c1.3,0.4,2.3,1,3.1,1.7c0.8,0.7,1.4,1.6,1.7,2.6c0.4,1,0.5,2.1,0.5,3.3c0,1-0.1,2.1-0.4,3.2L42,34.6H31.5L35.2,17c0-0.2,0-0.3,0-0.5v0c0-0.5-0.2-1.1-0.6-1.4c-0.1-0.1-0.3-0.2-0.4-0.3c-0.3-0.2-0.7-0.3-1.1-0.3h0c-1.5,0-2.9,1.1-3.2,2.5l-3.5,17.6H15.8z"
          ></path>
        </g>
      </symbol>
      <symbol
        viewBox="0 0 207.44 49.01"
        id="online-grocery-fr"
        xmlns="http://www.w3.org/2000/svg"
      >
        <path
          d="M7.5,19.24H7.28V24.7H0V5.07H6.61l3.89,8.29h.17L14.5,5.07h6.64V24.69H13.86V19.23h-.22l-1.18,2.41H8.74Z"
        ></path>
        <path
          d="M33.35,25a11.34,11.34,0,0,1-4.27-.78,10.58,10.58,0,0,1-3.4-2.14,9.69,9.69,0,0,1-2.24-3.21,10,10,0,0,1,0-7.91,10.13,10.13,0,0,1,2.22-3.23,10.33,10.33,0,0,1,3.4-2.17,11.84,11.84,0,0,1,8.57,0,10.42,10.42,0,0,1,3.42,2.17,10,10,0,0,1,2.24,11.18A9.41,9.41,0,0,1,41,22.12a10.48,10.48,0,0,1-3.41,2.11A11.37,11.37,0,0,1,33.35,25Zm3-10a3.62,3.62,0,0,0-.8-2.39,2.74,2.74,0,0,0-2.25-1,2.71,2.71,0,0,0-2.24,1A3.65,3.65,0,0,0,30.32,15a3.87,3.87,0,0,0,.79,2.45,2.63,2.63,0,0,0,2.24,1,2.66,2.66,0,0,0,2.25-1A3.86,3.86,0,0,0,36.4,15Z"
        ></path>
        <path
          d="M53.06,16.6h-.2v8.09H45.58V5.07H52.8l4.51,8.79h.22V5.07h7.28V24.69H57.59Z"
        ></path>
        <path
          d="M92.64,13.1v3.47H85v2h8.65v6.13H77.72V5.07H93.65V11.2H85v1.9ZM92,0,85.19,4.09H82.62L84.27,0Z"
        ></path>
        <path
          d="M113.08,12.26a6.71,6.71,0,0,1-.63,2.92,6.4,6.4,0,0,1-1.83,2.3,9,9,0,0,1-3,1.5,13.88,13.88,0,0,1-4,.54h-1V24.7H95.33V5.07h8.26c3,0,5.36.65,7,2A6.3,6.3,0,0,1,113.08,12.26Zm-7.81.09a1.48,1.48,0,0,0-.52-1.23,2,2,0,0,0-1.33-.42h-.81V14h.81a2,2,0,0,0,1.33-.44,1.51,1.51,0,0,0,.52-1.24Z"
        ></path>
        <path d="M114.57,24.69V5.07h7.28V24.69Z"></path>
        <path
          d="M138.18,16.57l4.45,4.74a10.76,10.76,0,0,1-3.8,2.74,12.92,12.92,0,0,1-9.38.14A9.76,9.76,0,0,1,126.11,22a9.44,9.44,0,0,1-2.06-3.22,10.93,10.93,0,0,1-.72-3.92,10.79,10.79,0,0,1,.72-3.9,9.33,9.33,0,0,1,2.07-3.21,9.8,9.8,0,0,1,3.35-2.18A11.79,11.79,0,0,1,134,4.76a10.69,10.69,0,0,1,4.91,1.07,11.37,11.37,0,0,1,3.68,3L138,13.17a5.38,5.38,0,0,0-1.47-1.46,3.48,3.48,0,0,0-1.89-.5,3.7,3.7,0,0,0-2.59,1A3.42,3.42,0,0,0,131,14.83a3.75,3.75,0,0,0,1,2.65,3.39,3.39,0,0,0,2.63,1.07,3.77,3.77,0,0,0,2-.53A6.23,6.23,0,0,0,138.18,16.57Z"
        ></path>
        <path
          d="M159,13.1v3.47H151.3v2H160v6.13H144V5.07H160V11.2H151.3v1.9Z"
        ></path>
        <path
          d="M181.29,24.69h-9.55l-2.18-5h-.64v5h-7.29V5.07h8.26q4.55,0,7,2a6.45,6.45,0,0,1,2.48,5.31,6.93,6.93,0,0,1-.75,3.19A6.27,6.27,0,0,1,176.48,18Zm-9.72-12.4a1.39,1.39,0,0,0-.51-1.2,2.19,2.19,0,0,0-1.33-.39h-.82V14h.82a1.91,1.91,0,0,0,1.33-.46A1.63,1.63,0,0,0,171.57,12.29Z"
        ></path>
        <path d="M182.55,24.69V5.07h7.28V24.69Z"></path>
        <path
          d="M206.43,13.1v3.47h-7.64v2h8.65v6.13H191.51V5.07h15.93V11.2h-8.65v1.9Z"
        ></path>
        <path
          d="M14.92,37.1v3.48H7.28v2h8.65v6.13H0V29.07H15.93V35.2H7.28v1.9Z"
        ></path>
        <path
          d="M25.09,40.6h-.2v8.09H17.61V29.07h7.22l4.51,8.79h.22V29.07h7.28V48.69H29.62Z"
        ></path>
        <path d="M61.74,48.69H46.65V29.07h7.28V42.51h7.81Z"></path>
        <path d="M63.42,48.69V29.07H70.7V48.69Z"></path>
        <path
          d="M82.37,37.78H91v8.48a12.91,12.91,0,0,1-3.45,2A12.67,12.67,0,0,1,83,49a13,13,0,0,1-4.16-.68,10.37,10.37,0,0,1-3.44-1.94,9.42,9.42,0,0,1-2.36-3.2,10.46,10.46,0,0,1-.88-4.38,10.89,10.89,0,0,1,.73-4A8.77,8.77,0,0,1,75,31.63a10,10,0,0,1,3.45-2.1,13.28,13.28,0,0,1,4.72-.77,9.92,9.92,0,0,1,4.48.94A11.36,11.36,0,0,1,90.92,32l-4.26,4.67a5.72,5.72,0,0,0-1.44-1.2,3.8,3.8,0,0,0-4.31.66,3.86,3.86,0,0,0-1,2.73,3.55,3.55,0,0,0,1,2.74,3.89,3.89,0,0,0,2.7,1v-1.4H82.37Z"
        ></path>
        <path
          d="M100.18,40.6H100v8.09H92.7V29.07h7.23l4.5,8.79h.23V29.07h7.28V48.69h-7.23Z"
        ></path>
        <path
          d="M128.55,37.1v3.48H120.9v2h8.65v6.13H113.62V29.07h15.93V35.2H120.9v1.9Z"
        ></path>
      </symbol>
      <symbol
        viewBox="0 0 165.96 44.25"
        id="online-grocery-en"
        xmlns="http://www.w3.org/2000/svg"
      >
        <polygon
          points="7.48 14.48 7.7 14.48 8.93 16.88 12.66 16.88 13.83 14.48 14.06 14.48 14.06 19.94 21.34 19.94 21.34 0.31 14.7 0.31 10.87 8.6 10.7 8.6 6.81 0.31 0.2 0.31 0.2 19.94 7.48 19.94 7.48 14.48"
        ></polygon>
        <polygon
          points="29.82 19.94 37.1 19.94 37.1 13.02 44.1 0.31 35.59 0.31 33.55 6.72 33.32 6.72 31.25 0.31 22.74 0.31 29.82 13.02 29.82 19.94"
        ></polygon>
        <path
          d="M55.78,17.32a10.58,10.58,0,0,0,3.4,2.14,12.15,12.15,0,0,0,8.54,0,10.48,10.48,0,0,0,3.41-2.11,9.55,9.55,0,0,0,2.26-3.21,10.16,10.16,0,0,0,0-7.95A10.19,10.19,0,0,0,71.15,3,10.42,10.42,0,0,0,67.73.8a11.84,11.84,0,0,0-8.57,0A10.33,10.33,0,0,0,55.76,3,10.13,10.13,0,0,0,53.54,6.2a9.65,9.65,0,0,0-.81,4,9.57,9.57,0,0,0,.81,3.95A9.69,9.69,0,0,0,55.78,17.32ZM61.21,7.8a2.71,2.71,0,0,1,2.24-1,2.74,2.74,0,0,1,2.25,1,3.62,3.62,0,0,1,.8,2.39h0a3.86,3.86,0,0,1-.8,2.45,2.66,2.66,0,0,1-2.25,1,2.63,2.63,0,0,1-2.24-1,3.87,3.87,0,0,1-.79-2.45A3.65,3.65,0,0,1,61.21,7.8Z"
          transform="translate(0 0)"
        ></path>
        <polygon
          points="94.92 19.94 94.92 0.31 87.64 0.31 87.64 9.1 87.42 9.1 82.91 0.31 75.68 0.31 75.68 19.94 82.96 19.94 82.96 11.84 83.16 11.84 87.69 19.94 94.92 19.94"
        ></polygon>
        <polygon
          points="111.69 13.75 103.88 13.75 103.88 0.31 96.6 0.31 96.6 19.94 111.69 19.94 111.69 13.75"
        ></polygon>
        <rect x="113.37" y="0.31" width="7.28" height="19.63"></rect>
        <polygon
          points="141.56 19.94 141.56 0.31 134.28 0.31 134.28 9.1 134.06 9.1 129.55 0.31 122.33 0.31 122.33 19.94 129.61 19.94 129.61 11.84 129.81 11.84 134.34 19.94 141.56 19.94"
        ></polygon>
        <polygon
          points="159.18 13.8 150.53 13.8 150.53 11.82 158.17 11.82 158.17 8.34 150.53 8.34 150.53 6.44 159.18 6.44 159.18 0.31 143.25 0.31 143.25 19.94 159.18 19.94 159.18 13.8"
        ></polygon>
        <path
          d="M10.19,36.49h1.32v1.4a3.91,3.91,0,0,1-2.7-1,3.59,3.59,0,0,1-1.05-2.75,3.85,3.85,0,0,1,1-2.73A3.82,3.82,0,0,1,13,30.75,5.8,5.8,0,0,1,14.48,32l4.25-4.67a11.23,11.23,0,0,0-3.25-2.34A10.16,10.16,0,0,0,11,24a13.27,13.27,0,0,0-4.71.77,10,10,0,0,0-3.45,2.1A8.85,8.85,0,0,0,.73,30.06a10.93,10.93,0,0,0-.73,4,10.35,10.35,0,0,0,.88,4.39,9.38,9.38,0,0,0,2.35,3.19,10.24,10.24,0,0,0,3.45,1.94,12.77,12.77,0,0,0,4.16.68,12.49,12.49,0,0,0,4.56-.8,12.79,12.79,0,0,0,3.45-2V33H10.19Z"
          transform="translate(0 0)"
        ></path>
        <path
          d="M37.53,34.78a6.93,6.93,0,0,0,.75-3.19,6.45,6.45,0,0,0-2.48-5.31q-2.47-2-7-2H20.52V43.94h7.29v-5h.64l2.18,5h9.55l-4.81-6.75A6.27,6.27,0,0,0,37.53,34.78Zm-8.91-1.52H27.8V29.94h.82a2.13,2.13,0,0,1,1.33.4,1.39,1.39,0,0,1,.51,1.19A1.59,1.59,0,0,1,30,32.8,1.91,1.91,0,0,1,28.62,33.26Z"
          transform="translate(0 0)"
        ></path>
        <path
          d="M58.27,27a10.42,10.42,0,0,0-3.42-2.17,11.81,11.81,0,0,0-8.56,0A10.23,10.23,0,0,0,42.89,27a10,10,0,0,0-2.23,3.23,10.06,10.06,0,0,0,0,7.91,10,10,0,0,0,2.24,3.21,10.69,10.69,0,0,0,3.4,2.14,12.15,12.15,0,0,0,8.54,0,10.63,10.63,0,0,0,3.42-2.11,9.52,9.52,0,0,0,2.25-3.21,10.16,10.16,0,0,0,0-7.95A10,10,0,0,0,58.27,27Zm-4.65,7.22a3.86,3.86,0,0,1-.8,2.45,2.66,2.66,0,0,1-2.25,1,2.63,2.63,0,0,1-2.24-1,3.93,3.93,0,0,1-.79-2.45,3.7,3.7,0,0,1,.79-2.39,2.71,2.71,0,0,1,2.24-1,2.74,2.74,0,0,1,2.25,1,3.57,3.57,0,0,1,.8,2.39Z"
          transform="translate(0 0)"
        ></path>
        <path
          d="M75.84,37.25a3.82,3.82,0,0,1-2,.53,3.38,3.38,0,0,1-2.63-1.06,3.75,3.75,0,0,1-1-2.66,3.47,3.47,0,0,1,1-2.65,3.71,3.71,0,0,1,2.6-1,3.42,3.42,0,0,1,1.89.5,5.17,5.17,0,0,1,1.46,1.45l4.6-4.34a11.67,11.67,0,0,0-3.69-3A10.69,10.69,0,0,0,73.22,24a11.85,11.85,0,0,0-4.48.81A9.92,9.92,0,0,0,65.39,27a9.29,9.29,0,0,0-2.07,3.2,11.11,11.11,0,0,0,0,7.83,9.44,9.44,0,0,0,2.06,3.22,9.7,9.7,0,0,0,3.35,2.18,12.92,12.92,0,0,0,9.38-.14,10.72,10.72,0,0,0,3.79-2.74l-4.45-4.73A6.46,6.46,0,0,1,75.84,37.25Z"
          transform="translate(0 0)"
        ></path>
        <polygon
          points="83.3 43.94 99.23 43.94 99.23 37.8 90.58 37.8 90.58 35.82 98.23 35.82 98.23 32.34 90.58 32.34 90.58 30.44 99.23 30.44 99.23 24.31 83.3 24.31 83.3 43.94"
        ></polygon>
        <path
          d="M117.92,34.78a6.93,6.93,0,0,0,.75-3.19,6.45,6.45,0,0,0-2.48-5.31q-2.47-2-7-2h-8.26V43.94h7.29v-5h.64l2.18,5h9.55l-4.81-6.75A6.27,6.27,0,0,0,117.92,34.78Zm-7.07-3.25a1.59,1.59,0,0,1-.51,1.27,1.91,1.91,0,0,1-1.33.46h-.82V29.94H109a2.13,2.13,0,0,1,1.33.4,1.39,1.39,0,0,1,.51,1.2Z"
          transform="translate(0 0)"
        ></path>
        <rect x="121.83" y="24.31" width="7.28" height="19.63"></rect>
        <polygon
          points="138.07 35.82 145.71 35.82 145.71 32.34 138.07 32.34 138.07 30.44 146.72 30.44 146.72 24.31 130.79 24.31 130.79 43.94 146.72 43.94 146.72 37.8 138.07 37.8 138.07 35.82"
        ></polygon>
        <path
          d="M164.43,33.47a8,8,0,0,0-4.21-2.11L157,30.69a.34.34,0,0,1-.27-.16.48.48,0,0,1-.07-.26.37.37,0,0,1,.18-.32.77.77,0,0,1,.46-.13A7.8,7.8,0,0,1,159,30c.58.13,1.1.27,1.55.42a14.89,14.89,0,0,1,1.56.62l3-4.85a17.42,17.42,0,0,0-3.25-1.58,12.79,12.79,0,0,0-4.34-.63,13.45,13.45,0,0,0-3.46.43,9,9,0,0,0-2.77,1.25,6,6,0,0,0-1.83,2,5.72,5.72,0,0,0-.68,2.83,5.6,5.6,0,0,0,1.51,4,7.47,7.47,0,0,0,3.92,2.08l3.25.67a.33.33,0,0,1,.27.14.46.46,0,0,1-.1.6.81.81,0,0,1-.48.13,11.87,11.87,0,0,1-6.1-1.63l-2.86,4.62a12.44,12.44,0,0,0,3.8,2.19,14,14,0,0,0,5.05.86,13,13,0,0,0,3.67-.47,8.35,8.35,0,0,0,2.8-1.35A6,6,0,0,0,166,37.5,5.52,5.52,0,0,0,164.43,33.47Z"
          transform="translate(0 0)"
        ></path>
      </symbol>
      <symbol
        viewBox="0 0 1016.26 1024"
        id="icon-logout"
        xmlns="http://www.w3.org/2000/svg"
      >
        <path
          d="M1007.29,478.47,756.06,227.25a47.52,47.52,0,0,0-67.44,67l167.63,170.5H181.43v94.56H859.07L688.89,729.55a47.52,47.52,0,1,0,67.17,67.25l251.23-251.2a47.48,47.48,0,0,0,0-67.13Z"
          transform="translate(-4.93)"
        ></path>
        <path
          d="M590.93,964h-526V60h526L591,0H35A29.92,29.92,0,0,0,4.93,29.91V994.15A29.87,29.87,0,0,0,35,1024H590.89Z"
          transform="translate(-4.93)"
        ></path>
      </symbol>
    </svg>
    <div id="container" class="internal vitrine">
      <header class="main-header">
        <div data-module="dishide" data-tabs-type="header-login">
          <div class="header-wrapper">
            <div class="header__top">
              <div
                class="header--container d-flex align-items-center justify-content-between"
              >
                <div class="ht__grocery-type">
                  <a
                    id="header-my-grocer-link"
                    class="dataLayerBigMenuSubsiteMetro my-grocer"
                    href="https://www.metro.ca/en"
                    tabindex="1"
                  >
                    <svg>
                      <use xlink:href="#metro-grocer-en"></use>
                    </svg>
                    <span class="invisible-text">METRO</span></a
                  ><a
                    id="header-online-grocery-link"
                    class="is_active dataLayerBigMenuSubsiteOnlineGrocery"
                    href="https://www.metro.ca/en/online-grocery"
                    tabindex="1"
                  >
                    <svg>
                      <use xlink:href="#online-grocery-en"></use>
                    </svg>
                    <span class="invisible-text">ONLINE GROCERY</span></a
                  >
                </div>
                <div style="display: none" class="header-change-lang--link">
                  <a
                    class="hp__cta-level1 js-change-my-language"
                    title="FranÃ§ais"
                    data-ga-id="header-language"
                    hreflang="fr"
                    lang="fr"
                    href="https://www.metro.ca/epicerie-en-ligne/allees/charcuteries-et-plats-prepares"
                    ><span>FR</span></a
                  >
                </div>
                <div class="ht__account">
                  <button
                    id="popover-sign-in-box-button"
                    class="toggle-nav-trigger dishide-trigger-is_initialized"
                    type="button"
                    data-is="tab"
                    data-display-tab=".login-box-not-connected"
                    data-animation-open="animation--expand-main-nav"
                    data-animation-close="animation--collapse-main-nav"
                    data-tab-type="header-login"
                    tabindex="1"
                    data-event-onshow="$(_.$tab_active.data(&#39;display-tab&#39;)).find(&#39;.popover&#39;).elementViewport();"
                    data-lang="en"
                    data-loginfailed="Invalid email or password."
                    data-logindisabled="This account no longer exists. Please try with another one."
                    data-logincheckout="&lt;b&gt;Important!&lt;/b&gt; You have to sign in to continue."
                    data-loginaccountlocked="Due to too many attempts, we&#39;ve blocked your account for 60 minutes. Please try later."
                    aria-label="Open the authentication section"
                    aria-expanded="false"
                  >
                    <span>
                      <svg>
                        <use
                          xlink:href="#shared--small--icons--user--circle--off"
                        ></use>
                      </svg>
                    </span>
                    <span>Sign in</span>
                  </button>

                  <button
                    tabindex="-1"
                    class="burger--menu__close"
                    data-tab-close=".nav-menu-slide-container"
                    data-tabs-type="burger-menu-slide-nav"
                  >
                    <svg>
                      <use xlink:href="#shared--small--icons--close"></use>
                    </svg>
                  </button>
                </div>
              </div>
            </div>
          </div>
          <div class="login-box-wrapper">
            <div
              id="popover-sign-in-box-container"
              class="login-box-not-connected login-box-wrapper__form dishide-target--inactive dishide-is_initialized"
              aria-labelledby="loginFormIntroMobile loginFormIntroDesktop"
            >
              <div id="sign-in-box">
                <button
                  class="p__close closeModalLogIn removeBodyOverFlow"
                  type="button"
                  data-tab-close=".login-box-not-connected"
                  data-tabs-type="header-login"
                  tabindex="1"
                >
                  <svg viewBox="0 0 20 20">
                    <use xlink:href="#shared--small--icons--close"></use>
                  </svg>

                  <span class="invisible-text"
                    >Closes the contextual modal window</span
                  >
                </button>
                <div class="replaceMePlease"><!-- AJAX FILLED --></div>
              </div>
            </div>
          </div>
          <div
            class="save-address-box-wrapper"
            data-module="dishide"
            data-tabs-type="header-saved-address"
          >
            <button
              id="headerSavedAddress"
              class="trigger-header-saved-address dishide-trigger-is_initialized"
              type="button"
              data-is="tab"
              data-display-tab=".save-box-connected"
              data-tab-type="header-saved-address"
              aria-expanded="false"
            >
              <span class="invisible-text"
                >Opens a contextual modal window</span
              >
            </button>
          </div>
          <div class="pc-confirmation-wrapper">
            <button
              id="popover-pc-confirmation-box-button"
              class="toggle-nav-trigger hidden position-absolute dishide-trigger-is_initialized"
              type="button"
              data-is="tab"
              data-display-tab=".pc-confirmation__form"
              data-animation-open="animation--expand-main-nav"
              data-animation-close="animation--collapse-main-nav"
              data-tab-type="header-login"
              aria-label="confirmationPostalCode"
              aria-expanded="false"
            >
              <span class="invisible-text"
                >Opens a contextual modal window</span
              >
            </button>

            <div
              id="popover-pc-confirmation-box-container"
              class="pc-confirmation__form dishide-is_initialized dishide-target--inactive"
              aria-labelledby="confirmationPostalCode"
            >
              <div id="pc-confirmation-box">
                <button
                  class="p__close removeBodyOverFlow"
                  type="button"
                  data-tab-close=".pc-confirmation__form"
                  data-tabs-type="header-login"
                  tabindex="1"
                >
                  <img
                    src="./Deli &amp; Prepared Meals _ Metro_files/close.svg"
                  />
                  <span class="invisible-text"
                    >Closes the contextual modal window</span
                  >
                </button>
                <div class="pc-confirmation-wrapper__content">
                  <div class="pcc-intro">
                    <img
                      src="./Deli &amp; Prepared Meals _ Metro_files/pin--red.svg"
                    />
                    <span
                      >Do you want to verify your address?<br />If yes, please
                      complete:</span
                    >
                  </div>
                  <div class="pcc-info">
                    <span
                      >To access this new feature, we need to validate your
                      account information to ensure the confidentiality of your
                      <strong>metro&amp;moi</strong> account.</span
                    >
                  </div>
                  <div class="pcc-confirm">
                    <div class="alert--error hide">
                      <ul>
                        <li class="postal-code-not-matching">
                          <a
                            href="https://www.metro.ca/en/online-grocery/aisles/deli-prepared-meals?sortOrder=popularity#confirmationPostalCode"
                            >The postal code entered doesn't match the card
                            number above.</a
                          >
                        </li>
                        <li class="postal-code-required">
                          <a
                            href="https://www.metro.ca/en/online-grocery/aisles/deli-prepared-meals?sortOrder=popularity#confirmationPostalCode"
                            >Postal code required.</a
                          >
                        </li>
                        <li class="postal-code-invalid">
                          <a
                            href="https://www.metro.ca/en/online-grocery/aisles/deli-prepared-meals?sortOrder=popularity#confirmationPostalCode"
                            >Postal code invalid.</a
                          >
                        </li>
                      </ul>
                    </div>
                    <span
                      >Enter the postal code where you receive your
                      <strong>metro&amp;moi</strong> reward cheques so we can
                      validate your identity.</span
                    >
                    <div class="pcc-confirm__actions">
                      <div>
                        <label for="confirmationPostalCode">
                          POSTAL CODE
                          <span class="invisible-text">
                            &nbsp;Enter the postal code where you receive your
                            <strong>metro&amp;moi</strong> reward cheques so we
                            can validate your identity.
                          </span>
                        </label>
                        <input
                          class="m-0"
                          tabindex="1"
                          id="confirmationPostalCode"
                          maxlength="7"
                          name="confirmationPostalCode"
                          type="text"
                          autocomplete="off"
                        />
                      </div>
                      <button class="cta-primary" tabindex="1" type="button">
                        CONFIRM
                      </button>
                    </div>
                  </div>
                </div>
              </div>
            </div>
          </div>
          <div class="newsletter-box-wrapper">
            <div class="sticky-newsletter-btn-container" style="">
              <button
                id="closeStickyNewsletterBtn"
                type="button"
                class="close--sticky close"
              >
                <img
                  alt="close"
                  src="./Deli &amp; Prepared Meals _ Metro_files/close.svg"
                />
              </button>
              <button title="Newsletter signup" class="sticky-newsletter-btn">
                <img
                  src="./Deli &amp; Prepared Meals _ Metro_files/icon-newsletter.svg"
                  alt="Newsletter signup"
                />
                Newsletter signup
              </button>
            </div>

            <div id="newsletter-popup-container" style="display: none">
              <button
                id="closeNewsletterOptin"
                class="close-newsletter-popUp close"
                type="button"
              >
                <img
                  alt="close"
                  src="./Deli &amp; Prepared Meals _ Metro_files/close.svg"
                />
              </button>
              <iframe
                src="./Deli &amp; Prepared Meals _ Metro_files/Form.html"
                data-ruffle-polyfilled=""
              ></iframe>
            </div>
          </div>
          <div class="header-banner-wrapper">
            <div class="header-wrapper">
              <div
                class="header__main header--container"
                data-module="dishide"
                data-tabs-type="header-navigation"
              >
                <a
                  class="hm__grocery-type except-mobile-tablet"
                  tabindex="1"
                  href="https://www.metro.ca/en/online-grocery"
                  id="header-online-grocery-home-desktop-link"
                  ><span class="invisible-text">Go back to homepage</span>
                  <svg>
                    <use xlink:href="#online-grocery-en"></use>
                  </svg> </a
                ><a
                  class="hm__grocery-type except-desktop"
                  tabindex="1"
                  href="https://www.metro.ca/en/online-grocery"
                  id="header-online-grocery-home-mobile-link"
                  ><span class="invisible-text">Go back to homepage</span>
                  <svg>
                    <use xlink:href="#online-grocery-en"></use>
                  </svg>
                </a>
                <div
                  class="main__nav--container"
                  data-module="dishide"
                  data-tabs-type="burger-menu-slide-nav"
                  data-mode="lightbox"
                >
                  <div
                    id="nav--container--sticky"
                    data-module="stickyState"
                    data-sticky-direction="top"
                    data-container="body"
                    class="position-fixed is_sticky"
                  >
                    <a
                      class="hm__grocery-type except-mobile-tablet"
                      tabindex="1"
                      href="https://www.metro.ca/en/online-grocery"
                      ><span class="invisible-text">Go back to homepage</span
                      ><img
                        src="./Deli &amp; Prepared Meals _ Metro_files/logo-ecomm-sticky-truck-en.png" /></a
                    ><a
                      class="hm__grocery-type except-desktop"
                      tabindex="1"
                      href="https://www.metro.ca/en/online-grocery"
                      ><span class="invisible-text">Go back to homepage</span>
                      <svg>
                        <use xlink:href="#online-grocery-en"></use>
                      </svg>
                    </a>
                    <div class="nav--container__actions">
                      <div id="headerSearch" class="header-search-wrapper">
                        <form
                          action="https://www.metro.ca/en/online-grocery/search"
                          autocomplete="off"
                          id="headerSearchForm"
                          method="get"
                          name="headerSearchForm"
                          novalidate="novalidate"
                        >
                          <span
                            id="header--search--input-lbl"
                            class="invisible-text"
                            >Search for Products</span
                          ><input
                            type="search"
                            id="header--search--input"
                            tabindex="1"
                            aria-labelledby="header--search--input-lbl"
                            name="filter"
                            required="required"
                            placeholder="Search for Products"
                            data-site-context="SHOP_ONLINE"
                            class="ui-autocomplete-input"
                            autocomplete="off"
                          /><input
                            type="hidden"
                            name="freeText"
                            value="true"
                          /><button
                            id="header--search--button"
                            class="header__search--btn"
                            disabled="disabled"
                            type="submit"
                            tabindex="1"
                          >
                            <svg>
                              <use
                                xlink:href="#shared--small--icons--magnifier"
                              ></use>
                            </svg>
                            <span class="invisible-text"
                              >Start a search</span
                            ></button
                          ><button
                            class="input-close field_is_empty"
                            type="button"
                            data-input-clear=""
                            tabindex="1"
                          >
                            <svg viewBox="0 0 20 20">
                              <use
                                xlink:href="#shared--small--icons--close"
                              ></use>
                            </svg>
                            <span class="invisible-text">Close search bar</span>
                          </button>
                        </form>
                      </div>
                      <ul class="container--actions__list">
                        <li class="action__select--service">
                          <span>Select your service</span>
                          <button
                            id="header-choose-new-service-pickup-btn"
                            class="openStoreLocator choose-new-service-pickup"
                            data-ga-id="header-store"
                            data-onstoreselectclose="reloadPage"
                            tabindex="2"
                            service-and-timeslot-target="/en/service-and-timeslot/service"
                          >
                            <span>Pick-up</span>
                          </button>
                          <button
                            id="header-choose-new-service-delivery-btn"
                            class="openStoreLocator choose-new-service-delivery"
                            data-ga-id="header-store"
                            data-onstoreselectclose="reloadPage"
                            tabindex="2"
                            service-and-timeslot-target="/en/service-and-timeslot/service"
                          >
                            <span>Delivery</span>
                          </button>
                        </li>
                        <li class="action__edit--service hide">
                          <button
                            class="openStoreLocator openStoreLocatorPickup dataLayerHeaderFavoriteStore hide"
                            data-ga-id="header-store"
                            data-onstoreselectclose="reloadPage"
                            tabindex="2"
                            service-and-timeslot-target="/en/service-and-timeslot/service"
                          >
                            <div>
                              <span class="d-block">Pick up:</span>
                              <span
                                class="roboto-bold openStoreLocatorName store-name"
                              >
                              </span>
                            </div>
                            <div class="action__icon ml-2">
                              <span class="d-flex">
                                <svg>
                                  <use
                                    xlink:href="#shared--small--icons--edit--outline"
                                  ></use>
                                </svg>
                              </span>
                              <span class="invisible-text"
                                >My favourite store:</span
                              >
                            </div>
                          </button>

                          <a
                            id="myStoreLink"
                            href="https://www.metro.ca/en/find-a-grocery/80"
                            data-animation-close="animation--collapse-main-nav"
                            class="ipDetection dataLayerHeaderFavoriteStore edit--service__selected-store hide"
                            data-ga-id="ip-detection-store-details"
                            tabindex="2"
                          >
                            <div>
                              <span class="d-block">Your store</span>
                              <span class="roboto-bold store-name"
                                >Alimentation Johny BÃ©lair Inc.</span
                              >
                            </div>
                            <div class="action__icon ml-2">
                              <span class="d-flex">
                                <svg>
                                  <use
                                    xlink:href="#shared--small--icons--edit--outline"
                                  ></use>
                                </svg>
                              </span>
                              <span class="invisible-text"
                                >My favourite store:</span
                              >
                            </div>
                          </a>

                          <button
                            class="openStoreLocator openStoreLocatorDelivery dataLayerHeaderFavoriteStore hide"
                            data-onstoreselectclose="reloadPage"
                            tabindex="2"
                            service-and-timeslot-target="/en/service-and-timeslot/service"
                          >
                            <div>
                              <span class="d-block">Delivery:</span>
                              <span
                                class="roboto-bold openStoreLocatorName store-name"
                              >
                              </span>
                            </div>
                            <div class="action__icon ml-2">
                              <span class="d-flex">
                                <svg>
                                  <use
                                    xlink:href="#shared--small--icons--edit--outline"
                                  ></use>
                                </svg>
                              </span>
                              <span class="invisible-text"
                                >My favourite store:</span
                              >
                            </div>
                          </button>
                        </li>
                        <li
                          class="action__edit--service openStoreLocatorTimeslotWrapper hide"
                        >
                          <button
                            class="openStoreLocator openStoreLocatorTimeslot"
                            data-onstoreselectclose="reloadPage"
                            data-ga-id="header-time-slot"
                            tabindex="2"
                            service-and-timeslot-target="/en/service-and-timeslot/timeslot"
                          >
                            <div>
                              <span class="d-block nowrap" id="timeslot-text"
                                >Time slot:
                              </span>
                              <span
                                class="openStoreLocatorTimeslotValue roboto-bold"
                                >Not selected</span
                              >
                            </div>

                            <div class="action__icon ml-2">
                              <span class="d-flex">
                                <svg>
                                  <use
                                    xlink:href="#shared--small--icons--edit--outline"
                                  ></use>
                                </svg>
                              </span>
                              <span class="invisible-text"
                                >My favourite store:</span
                              >
                            </div>
                          </button>
                        </li>

                        <li class="action__cart">
                          <a
                            href="https://www.metro.ca/en/my-cart"
                            id="my-cart-link"
                            data-ga-id="header-shopping-cart"
                            tabindex="2"
                            ><div class="action__icon cart__icon">
                              <svg>
                                <use
                                  xlink:href="#shared--small--icons--cart"
                                ></use>
                              </svg>
                            </div>
                            <span class="hp__cart-qty ml-2"
                              ><span class="hp__cart-qty-number">0</span></span
                            ></a
                          >
                        </li>
                        <li class="action__burger--menu cheeseburgerOverlay">
                          <button
                            class="dishide-trigger-is_initialized"
                            data-is="tab"
                            data-tab-type="burger-menu-slide-nav"
                            data-display-tab=".nav-menu-slide-container"
                            data-animation-open="animation--side-panel-open-right-full-width"
                            data-animation-close="animation--side-panel-close-right-100"
                            data-overlay-target=".cheeseburgerOverlay"
                            data-event-onclose="resetMenu()"
                            aria-expanded="false"
                            tabindex="2"
                            aria-label="Open the main menu"
                          >
                            <svg>
                              <use
                                xlink:href="#shared--small--icons--hamburger"
                              ></use>
                            </svg>
                          </button>
                        </li>
                      </ul>
                    </div>
                  </div>
                  <div class="autocomplete-container">
                    <div>
                      <div
                        class="autocomplete--result--div autocomplete--result--container"
                        id="header-search-autocomplete-result"
                      ></div>
                    </div>
                  </div>
                  <!-- SUB NAVIGATION MENU -->
                  <div
                    class="nav-menu-slide-container dishide-is_initialized dishide-is_lightbox dishide-target--inactive"
                    role="dialog"
                  >
                    <div class="nav--container__navigation">
                      <nav
                        id="main-menu"
                        role="navigation"
                        aria-label="main menu"
                        data-module="dishide"
                        data-tabs-type="header-sub-navigation"
                      >
                        <ul class="navigation__list">
                          <li
                            class="active header-menu--btn"
                            role="menuitem"
                            data-ga-id="top-nav-level1"
                            data-is="tabs"
                          >
                            <a
                              href="https://www.metro.ca/en/online-grocery/search"
                              id="navigation-level1--10514612"
                              class="dataLayerBigMenuLevelOne navigation__btn"
                              tabindex="2"
                              data-ga-id="top-nav-level1"
                              data-menu-name="All products"
                            >
                              All products
                            </a>
                          </li>
                          <li
                            class="active header-menu--btn"
                            role="menu item"
                            data-ga-id="top-nav-level1"
                            data-is="tabs"
                          >
                            <script>
                              /*<![CDATA[*/
                              var shopOnlineUrl = "\/en\/online-grocery";
                              var retrieveAisleUrl =
                                "\/en\/online-grocery\/aisle-ajax";
                              /*]]>*/
                            </script>
                            <button
                              type="button"
                              id="navigation-level1--aisles"
                              class="dataLayerBigMenuLevelOne navigation__btn aisles--btn dishide-trigger-is_initialized"
                              role="button"
                              tabindex="2"
                              data-ga-id="top-nav-level1"
                              data-tab-type="header-navigation"
                              data-is="tab"
                              data-toggle="true"
                              data-display-tab=".subNavigationMenu-aisles"
                              aria-expanded="false"
                              data-menu-name="AISLES"
                              data-main-menu-name="AISLES"
                            >
                              <span>AISLES</span>
                            </button>
                            <button
                              class="navigation__btn--close"
                              type="button"
                              data-tab-close=".subNavigationMenu-aisles"
                              data-tabs-type="header-navigation"
                              tabindex="2"
                            >
                              <span class="mobile-tablet-only">Back</span>
                              <span class="invisible-text"
                                >Ferme la du sous menu</span
                              >
                            </button>
                          </li>
                          <div
                            class="subNavigationMenu-aisles sub-navigation-container dishide-target--inactive dishide-is_initialized"
                          >
                            <div class="sub--nav">
                              <div class="sub--nav__left">
                                <div class="nav-left__links">
                                  <ul>
                                    <li class="subListItem" data-is="tab">
                                      <button
                                        role="button"
                                        tabindex="2"
                                        data-is="tab"
                                        area-expanded="true"
                                        data-display-tab=".aisles--subNav--lev3"
                                        data-tab-type="header-sub-navigation"
                                        class="btn-display-aisle dishide-trigger-is_initialized dataLayerBigMenuLevelTwo"
                                        aria-expanded="false"
                                        data-aisle="000006"
                                        data-menu-name="AISLES"
                                        data-sub-menu-name="Fruits &amp; Vegetables"
                                      >
                                        Fruits &amp; Vegetables
                                      </button>
                                      <button
                                        class="navigation__btn--close btn-close-child"
                                        type="button"
                                        data-tabs-type="header-sub-navigation"
                                        tabindex="1"
                                        data-tab-close=".aisles--subNav--lev3"
                                      >
                                        <span class="mobile-tablet-only"
                                          >Back</span
                                        >
                                        <span class="invisible-text"
                                          >Ferme la du sous menu</span
                                        >
                                      </button>
                                    </li>
                                    <li class="subListItem" data-is="tab">
                                      <button
                                        role="button"
                                        tabindex="2"
                                        data-is="tab"
                                        area-expanded="true"
                                        data-display-tab=".aisles--subNav--lev3"
                                        data-tab-type="header-sub-navigation"
                                        class="btn-display-aisle dishide-trigger-is_initialized dataLayerBigMenuLevelTwo"
                                        aria-expanded="false"
                                        data-aisle="000008"
                                        data-menu-name="AISLES"
                                        data-sub-menu-name="Dairy &amp; Eggs"
                                      >
                                        Dairy &amp; Eggs
                                      </button>
                                      <button
                                        class="navigation__btn--close btn-close-child"
                                        type="button"
                                        data-tabs-type="header-sub-navigation"
                                        tabindex="1"
                                        data-tab-close=".aisles--subNav--lev3"
                                      >
                                        <span class="mobile-tablet-only"
                                          >Back</span
                                        >
                                        <span class="invisible-text"
                                          >Ferme la du sous menu</span
                                        >
                                      </button>
                                    </li>
                                    <li class="subListItem" data-is="tab">
                                      <button
                                        role="button"
                                        tabindex="2"
                                        data-is="tab"
                                        area-expanded="true"
                                        data-display-tab=".aisles--subNav--lev3"
                                        data-tab-type="header-sub-navigation"
                                        class="btn-display-aisle dishide-trigger-is_initialized dataLayerBigMenuLevelTwo"
                                        aria-expanded="false"
                                        data-aisle="000010"
                                        data-menu-name="AISLES"
                                        data-sub-menu-name="Pantry"
                                      >
                                        Pantry
                                      </button>
                                      <button
                                        class="navigation__btn--close btn-close-child"
                                        type="button"
                                        data-tabs-type="header-sub-navigation"
                                        tabindex="1"
                                        data-tab-close=".aisles--subNav--lev3"
                                      >
                                        <span class="mobile-tablet-only"
                                          >Back</span
                                        >
                                        <span class="invisible-text"
                                          >Ferme la du sous menu</span
                                        >
                                      </button>
                                    </li>
                                    <li class="subListItem" data-is="tab">
                                      <button
                                        role="button"
                                        tabindex="2"
                                        data-is="tab"
                                        area-expanded="true"
                                        data-display-tab=".aisles--subNav--lev3"
                                        data-tab-type="header-sub-navigation"
                                        class="btn-display-aisle dishide-trigger-is_initialized dataLayerBigMenuLevelTwo"
                                        aria-expanded="false"
                                        data-aisle="000025"
                                        data-menu-name="AISLES"
                                        data-sub-menu-name="Cooked Meals"
                                      >
                                        Cooked Meals
                                      </button>
                                      <button
                                        class="navigation__btn--close btn-close-child"
                                        type="button"
                                        data-tabs-type="header-sub-navigation"
                                        tabindex="1"
                                        data-tab-close=".aisles--subNav--lev3"
                                      >
                                        <span class="mobile-tablet-only"
                                          >Back</span
                                        >
                                        <span class="invisible-text"
                                          >Ferme la du sous menu</span
                                        >
                                      </button>
                                    </li>
                                    <li class="subListItem" data-is="tab">
                                      <button
                                        role="button"
                                        tabindex="2"
                                        data-is="tab"
                                        area-expanded="true"
                                        data-display-tab=".aisles--subNav--lev3"
                                        data-tab-type="header-sub-navigation"
                                        class="btn-display-aisle dishide-trigger-is_initialized dataLayerBigMenuLevelTwo"
                                        aria-expanded="false"
                                        data-aisle="000026"
                                        data-menu-name="AISLES"
                                        data-sub-menu-name="Value Pack"
                                      >
                                        Value Pack
                                      </button>
                                      <button
                                        class="navigation__btn--close btn-close-child"
                                        type="button"
                                        data-tabs-type="header-sub-navigation"
                                        tabindex="1"
                                        data-tab-close=".aisles--subNav--lev3"
                                      >
                                        <span class="mobile-tablet-only"
                                          >Back</span
                                        >
                                        <span class="invisible-text"
                                          >Ferme la du sous menu</span
                                        >
                                      </button>
                                    </li>
                                    <li class="subListItem" data-is="tab">
                                      <button
                                        role="button"
                                        tabindex="2"
                                        data-is="tab"
                                        area-expanded="true"
                                        data-display-tab=".aisles--subNav--lev3"
                                        data-tab-type="header-sub-navigation"
                                        class="btn-display-aisle dishide-trigger-is_initialized dataLayerBigMenuLevelTwo"
                                        aria-expanded="false"
                                        data-aisle="000002"
                                        data-menu-name="AISLES"
                                        data-sub-menu-name="Beverages"
                                      >
                                        Beverages
                                      </button>
                                      <button
                                        class="navigation__btn--close btn-close-child"
                                        type="button"
                                        data-tabs-type="header-sub-navigation"
                                        tabindex="1"
                                        data-tab-close=".aisles--subNav--lev3"
                                      >
                                        <span class="mobile-tablet-only"
                                          >Back</span
                                        >
                                        <span class="invisible-text"
                                          >Ferme la du sous menu</span
                                        >
                                      </button>
                                    </li>
                                    <li class="subListItem" data-is="tab">
                                      <button
                                        role="button"
                                        tabindex="2"
                                        data-is="tab"
                                        area-expanded="true"
                                        data-display-tab=".aisles--subNav--lev3"
                                        data-tab-type="header-sub-navigation"
                                        class="btn-display-aisle dishide-trigger-is_initialized dataLayerBigMenuLevelTwo"
                                        aria-expanded="false"
                                        data-aisle="000018"
                                        data-menu-name="AISLES"
                                        data-sub-menu-name="Beer &amp; Wine"
                                      >
                                        Beer &amp; Wine
                                      </button>
                                      <button
                                        class="navigation__btn--close btn-close-child"
                                        type="button"
                                        data-tabs-type="header-sub-navigation"
                                        tabindex="1"
                                        data-tab-close=".aisles--subNav--lev3"
                                      >
                                        <span class="mobile-tablet-only"
                                          >Back</span
                                        >
                                        <span class="invisible-text"
                                          >Ferme la du sous menu</span
                                        >
                                      </button>
                                    </li>
                                    <li class="subListItem" data-is="tab">
                                      <button
                                        role="button"
                                        tabindex="2"
                                        data-is="tab"
                                        area-expanded="true"
                                        data-display-tab=".aisles--subNav--lev3"
                                        data-tab-type="header-sub-navigation"
                                        class="btn-display-aisle dishide-trigger-is_initialized dataLayerBigMenuLevelTwo"
                                        aria-expanded="false"
                                        data-aisle="000001"
                                        data-menu-name="AISLES"
                                        data-sub-menu-name="Meat &amp; Poultry"
                                      >
                                        Meat &amp; Poultry
                                      </button>
                                      <button
                                        class="navigation__btn--close btn-close-child"
                                        type="button"
                                        data-tabs-type="header-sub-navigation"
                                        tabindex="1"
                                        data-tab-close=".aisles--subNav--lev3"
                                      >
                                        <span class="mobile-tablet-only"
                                          >Back</span
                                        >
                                        <span class="invisible-text"
                                          >Ferme la du sous menu</span
                                        >
                                      </button>
                                    </li>
                                    <li class="subListItem" data-is="tab">
                                      <button
                                        role="button"
                                        tabindex="2"
                                        data-is="tab"
                                        area-expanded="true"
                                        data-display-tab=".aisles--subNav--lev3"
                                        data-tab-type="header-sub-navigation"
                                        class="btn-display-aisle dishide-trigger-is_initialized dataLayerBigMenuLevelTwo"
                                        aria-expanded="false"
                                        data-aisle="000021"
                                        data-menu-name="AISLES"
                                        data-sub-menu-name="Vegan &amp; Vegetarian Food"
                                      >
                                        Vegan &amp; Vegetarian Food
                                      </button>
                                      <button
                                        class="navigation__btn--close btn-close-child"
                                        type="button"
                                        data-tabs-type="header-sub-navigation"
                                        tabindex="1"
                                        data-tab-close=".aisles--subNav--lev3"
                                      >
                                        <span class="mobile-tablet-only"
                                          >Back</span
                                        >
                                        <span class="invisible-text"
                                          >Ferme la du sous menu</span
                                        >
                                      </button>
                                    </li>
                                    <li class="subListItem" data-is="tab">
                                      <button
                                        role="button"
                                        tabindex="2"
                                        data-is="tab"
                                        area-expanded="true"
                                        data-display-tab=".aisles--subNav--lev3"
                                        data-tab-type="header-sub-navigation"
                                        class="btn-display-aisle dishide-trigger-is_initialized dataLayerBigMenuLevelTwo"
                                        aria-expanded="false"
                                        data-aisle="000017"
                                        data-menu-name="AISLES"
                                        data-sub-menu-name="Organic Groceries"
                                      >
                                        Organic Groceries
                                      </button>
                                      <button
                                        class="navigation__btn--close btn-close-child"
                                        type="button"
                                        data-tabs-type="header-sub-navigation"
                                        tabindex="1"
                                        data-tab-close=".aisles--subNav--lev3"
                                      >
                                        <span class="mobile-tablet-only"
                                          >Back</span
                                        >
                                        <span class="invisible-text"
                                          >Ferme la du sous menu</span
                                        >
                                      </button>
                                    </li>
                                    <li class="subListItem" data-is="tab">
                                      <button
                                        role="button"
                                        tabindex="2"
                                        data-is="tab"
                                        area-expanded="true"
                                        data-display-tab=".aisles--subNav--lev3"
                                        data-tab-type="header-sub-navigation"
                                        class="btn-display-aisle dishide-trigger-is_initialized dataLayerBigMenuLevelTwo"
                                        aria-expanded="false"
                                        data-aisle="000013"
                                        data-menu-name="AISLES"
                                        data-sub-menu-name="Snacks"
                                      >
                                        Snacks
                                      </button>
                                      <button
                                        class="navigation__btn--close btn-close-child"
                                        type="button"
                                        data-tabs-type="header-sub-navigation"
                                        tabindex="1"
                                        data-tab-close=".aisles--subNav--lev3"
                                      >
                                        <span class="mobile-tablet-only"
                                          >Back</span
                                        >
                                        <span class="invisible-text"
                                          >Ferme la du sous menu</span
                                        >
                                      </button>
                                    </li>
                                    <li class="subListItem" data-is="tab">
                                      <button
                                        role="button"
                                        tabindex="2"
                                        data-is="tab"
                                        area-expanded="true"
                                        data-display-tab=".aisles--subNav--lev3"
                                        data-tab-type="header-sub-navigation"
                                        class="btn-display-aisle dishide-trigger-is_initialized dataLayerBigMenuLevelTwo"
                                        aria-expanded="false"
                                        data-aisle="000011"
                                        data-menu-name="AISLES"
                                        data-sub-menu-name="Frozen"
                                      >
                                        Frozen
                                      </button>
                                      <button
                                        class="navigation__btn--close btn-close-child"
                                        type="button"
                                        data-tabs-type="header-sub-navigation"
                                        tabindex="1"
                                        data-tab-close=".aisles--subNav--lev3"
                                      >
                                        <span class="mobile-tablet-only"
                                          >Back</span
                                        >
                                        <span class="invisible-text"
                                          >Ferme la du sous menu</span
                                        >
                                      </button>
                                    </li>
                                    <li class="subListItem" data-is="tab">
                                      <button
                                        role="button"
                                        tabindex="2"
                                        data-is="tab"
                                        area-expanded="true"
                                        data-display-tab=".aisles--subNav--lev3"
                                        data-tab-type="header-sub-navigation"
                                        class="btn-display-aisle dishide-trigger-is_initialized dataLayerBigMenuLevelTwo"
                                        aria-expanded="false"
                                        data-aisle="000012"
                                        data-menu-name="AISLES"
                                        data-sub-menu-name="Bread &amp; Bakery Products"
                                      >
                                        Bread &amp; Bakery Products
                                      </button>
                                      <button
                                        class="navigation__btn--close btn-close-child"
                                        type="button"
                                        data-tabs-type="header-sub-navigation"
                                        tabindex="1"
                                        data-tab-close=".aisles--subNav--lev3"
                                      >
                                        <span class="mobile-tablet-only"
                                          >Back</span
                                        >
                                        <span class="invisible-text"
                                          >Ferme la du sous menu</span
                                        >
                                      </button>
                                    </li>
                                    <li class="subListItem" data-is="tab">
                                      <button
                                        role="button"
                                        tabindex="2"
                                        data-is="tab"
                                        area-expanded="true"
                                        data-display-tab=".aisles--subNav--lev3"
                                        data-tab-type="header-sub-navigation"
                                        class="btn-display-aisle dishide-trigger-is_initialized dataLayerBigMenuLevelTwo"
                                        aria-expanded="false"
                                        data-aisle="000009"
                                        data-menu-name="AISLES"
                                        data-sub-menu-name="Deli &amp; Prepared Meals"
                                      >
                                        Deli &amp; Prepared Meals
                                      </button>
                                      <button
                                        class="navigation__btn--close btn-close-child"
                                        type="button"
                                        data-tabs-type="header-sub-navigation"
                                        tabindex="1"
                                        data-tab-close=".aisles--subNav--lev3"
                                      >
                                        <span class="mobile-tablet-only"
                                          >Back</span
                                        >
                                        <span class="invisible-text"
                                          >Ferme la du sous menu</span
                                        >
                                      </button>
                                    </li>
                                    <li class="subListItem" data-is="tab">
                                      <button
                                        role="button"
                                        tabindex="2"
                                        data-is="tab"
                                        area-expanded="true"
                                        data-display-tab=".aisles--subNav--lev3"
                                        data-tab-type="header-sub-navigation"
                                        class="btn-display-aisle dishide-trigger-is_initialized dataLayerBigMenuLevelTwo"
                                        aria-expanded="false"
                                        data-aisle="000007"
                                        data-menu-name="AISLES"
                                        data-sub-menu-name="Fish &amp; Seafood"
                                      >
                                        Fish &amp; Seafood
                                      </button>
                                      <button
                                        class="navigation__btn--close btn-close-child"
                                        type="button"
                                        data-tabs-type="header-sub-navigation"
                                        tabindex="1"
                                        data-tab-close=".aisles--subNav--lev3"
                                      >
                                        <span class="mobile-tablet-only"
                                          >Back</span
                                        >
                                        <span class="invisible-text"
                                          >Ferme la du sous menu</span
                                        >
                                      </button>
                                    </li>
                                    <li class="subListItem" data-is="tab">
                                      <button
                                        role="button"
                                        tabindex="2"
                                        data-is="tab"
                                        area-expanded="true"
                                        data-display-tab=".aisles--subNav--lev3"
                                        data-tab-type="header-sub-navigation"
                                        class="btn-display-aisle dishide-trigger-is_initialized dataLayerBigMenuLevelTwo"
                                        aria-expanded="false"
                                        data-aisle="000019"
                                        data-menu-name="AISLES"
                                        data-sub-menu-name="World Cuisine"
                                      >
                                        World Cuisine
                                      </button>
                                      <button
                                        class="navigation__btn--close btn-close-child"
                                        type="button"
                                        data-tabs-type="header-sub-navigation"
                                        tabindex="1"
                                        data-tab-close=".aisles--subNav--lev3"
                                      >
                                        <span class="mobile-tablet-only"
                                          >Back</span
                                        >
                                        <span class="invisible-text"
                                          >Ferme la du sous menu</span
                                        >
                                      </button>
                                    </li>
                                    <li class="subListItem" data-is="tab">
                                      <button
                                        role="button"
                                        tabindex="2"
                                        data-is="tab"
                                        area-expanded="true"
                                        data-display-tab=".aisles--subNav--lev3"
                                        data-tab-type="header-sub-navigation"
                                        class="btn-display-aisle dishide-trigger-is_initialized dataLayerBigMenuLevelTwo"
                                        aria-expanded="false"
                                        data-aisle="000014"
                                        data-menu-name="AISLES"
                                        data-sub-menu-name="Household &amp; Cleaning"
                                      >
                                        Household &amp; Cleaning
                                      </button>
                                      <button
                                        class="navigation__btn--close btn-close-child"
                                        type="button"
                                        data-tabs-type="header-sub-navigation"
                                        tabindex="1"
                                        data-tab-close=".aisles--subNav--lev3"
                                      >
                                        <span class="mobile-tablet-only"
                                          >Back</span
                                        >
                                        <span class="invisible-text"
                                          >Ferme la du sous menu</span
                                        >
                                      </button>
                                    </li>
                                    <li class="subListItem" data-is="tab">
                                      <button
                                        role="button"
                                        tabindex="2"
                                        data-is="tab"
                                        area-expanded="true"
                                        data-display-tab=".aisles--subNav--lev3"
                                        data-tab-type="header-sub-navigation"
                                        class="btn-display-aisle dishide-trigger-is_initialized dataLayerBigMenuLevelTwo"
                                        aria-expanded="false"
                                        data-aisle="000020"
                                        data-menu-name="AISLES"
                                        data-sub-menu-name="Baby"
                                      >
                                        Baby
                                      </button>
                                      <button
                                        class="navigation__btn--close btn-close-child"
                                        type="button"
                                        data-tabs-type="header-sub-navigation"
                                        tabindex="1"
                                        data-tab-close=".aisles--subNav--lev3"
                                      >
                                        <span class="mobile-tablet-only"
                                          >Back</span
                                        >
                                        <span class="invisible-text"
                                          >Ferme la du sous menu</span
                                        >
                                      </button>
                                    </li>
                                    <li class="subListItem" data-is="tab">
                                      <button
                                        role="button"
                                        tabindex="2"
                                        data-is="tab"
                                        area-expanded="true"
                                        data-display-tab=".aisles--subNav--lev3"
                                        data-tab-type="header-sub-navigation"
                                        class="btn-display-aisle dishide-trigger-is_initialized dataLayerBigMenuLevelTwo"
                                        aria-expanded="false"
                                        data-aisle="000005"
                                        data-menu-name="AISLES"
                                        data-sub-menu-name="Health &amp; Beauty"
                                      >
                                        Health &amp; Beauty
                                      </button>
                                      <button
                                        class="navigation__btn--close btn-close-child"
                                        type="button"
                                        data-tabs-type="header-sub-navigation"
                                        tabindex="1"
                                        data-tab-close=".aisles--subNav--lev3"
                                      >
                                        <span class="mobile-tablet-only"
                                          >Back</span
                                        >
                                        <span class="invisible-text"
                                          >Ferme la du sous menu</span
                                        >
                                      </button>
                                    </li>
                                    <li class="subListItem" data-is="tab">
                                      <button
                                        role="button"
                                        tabindex="2"
                                        data-is="tab"
                                        area-expanded="true"
                                        data-display-tab=".aisles--subNav--lev3"
                                        data-tab-type="header-sub-navigation"
                                        class="btn-display-aisle dishide-trigger-is_initialized dataLayerBigMenuLevelTwo"
                                        aria-expanded="false"
                                        data-aisle="000003"
                                        data-menu-name="AISLES"
                                        data-sub-menu-name="Pet Care"
                                      >
                                        Pet Care
                                      </button>
                                      <button
                                        class="navigation__btn--close btn-close-child"
                                        type="button"
                                        data-tabs-type="header-sub-navigation"
                                        tabindex="1"
                                        data-tab-close=".aisles--subNav--lev3"
                                      >
                                        <span class="mobile-tablet-only"
                                          >Back</span
                                        >
                                        <span class="invisible-text"
                                          >Ferme la du sous menu</span
                                        >
                                      </button>
                                    </li>
                                    <li class="subListItem" data-is="tab">
                                      <button
                                        role="button"
                                        tabindex="2"
                                        data-is="tab"
                                        area-expanded="true"
                                        data-display-tab=".aisles--subNav--lev3"
                                        data-tab-type="header-sub-navigation"
                                        class="btn-display-aisle dishide-trigger-is_initialized dataLayerBigMenuLevelTwo"
                                        aria-expanded="false"
                                        data-aisle="000015"
                                        data-menu-name="AISLES"
                                        data-sub-menu-name="Pharmacy"
                                      >
                                        Pharmacy
                                      </button>
                                      <button
                                        class="navigation__btn--close btn-close-child"
                                        type="button"
                                        data-tabs-type="header-sub-navigation"
                                        tabindex="1"
                                        data-tab-close=".aisles--subNav--lev3"
                                      >
                                        <span class="mobile-tablet-only"
                                          >Back</span
                                        >
                                        <span class="invisible-text"
                                          >Ferme la du sous menu</span
                                        >
                                      </button>
                                    </li>
                                    <li class="subListItem" data-is="tab">
                                      <button
                                        role="button"
                                        tabindex="2"
                                        data-is="tab"
                                        area-expanded="true"
                                        data-display-tab=".aisles--subNav--lev3"
                                        data-tab-type="header-sub-navigation"
                                        class="btn-display-aisle dishide-trigger-is_initialized dataLayerBigMenuLevelTwo"
                                        aria-expanded="false"
                                        data-aisle="000022"
                                        data-menu-name="AISLES"
                                        data-sub-menu-name="Nature&#39;s Signature"
                                      >
                                        Nature's Signature
                                      </button>
                                      <button
                                        class="navigation__btn--close btn-close-child"
                                        type="button"
                                        data-tabs-type="header-sub-navigation"
                                        tabindex="1"
                                        data-tab-close=".aisles--subNav--lev3"
                                      >
                                        <span class="mobile-tablet-only"
                                          >Back</span
                                        >
                                        <span class="invisible-text"
                                          >Ferme la du sous menu</span
                                        >
                                      </button>
                                    </li>
                                    <li class="subListItem" data-is="tab">
                                      <button
                                        role="button"
                                        tabindex="2"
                                        data-is="tab"
                                        area-expanded="true"
                                        data-display-tab=".aisles--subNav--lev3"
                                        data-tab-type="header-sub-navigation"
                                        class="btn-display-aisle dishide-trigger-is_initialized dataLayerBigMenuLevelTwo"
                                        aria-expanded="false"
                                        data-aisle="LQ01"
                                        data-menu-name="AISLES"
                                        data-sub-menu-name="Lottery Tickets"
                                      >
                                        Lottery Tickets
                                      </button>
                                      <button
                                        class="navigation__btn--close btn-close-child"
                                        type="button"
                                        data-tabs-type="header-sub-navigation"
                                        tabindex="1"
                                        data-tab-close=".aisles--subNav--lev3"
                                      >
                                        <span class="mobile-tablet-only"
                                          >Back</span
                                        >
                                        <span class="invisible-text"
                                          >Ferme la du sous menu</span
                                        >
                                      </button>
                                    </li>
                                    <li class="subListItem" data-is="tab">
                                      <button
                                        role="button"
                                        tabindex="2"
                                        data-is="tab"
                                        area-expanded="true"
                                        data-display-tab=".aisles--subNav--lev3"
                                        data-tab-type="header-sub-navigation"
                                        class="btn-display-aisle dishide-trigger-is_initialized dataLayerBigMenuLevelTwo"
                                        aria-expanded="false"
                                        data-aisle="000024"
                                        data-menu-name="AISLES"
                                        data-sub-menu-name="Magazines &amp; Books"
                                      >
                                        Magazines &amp; Books
                                      </button>
                                      <button
                                        class="navigation__btn--close btn-close-child"
                                        type="button"
                                        data-tabs-type="header-sub-navigation"
                                        tabindex="1"
                                        data-tab-close=".aisles--subNav--lev3"
                                      >
                                        <span class="mobile-tablet-only"
                                          >Back</span
                                        >
                                        <span class="invisible-text"
                                          >Ferme la du sous menu</span
                                        >
                                      </button>
                                    </li>
                                    <li class="subListItem" data-is="tab">
                                      <button
                                        role="button"
                                        tabindex="2"
                                        data-is="tab"
                                        area-expanded="true"
                                        data-display-tab=".aisles--subNav--lev3"
                                        data-tab-type="header-sub-navigation"
                                        class="btn-display-aisle dishide-trigger-is_initialized dataLayerBigMenuLevelTwo"
                                        aria-expanded="false"
                                        data-aisle="PL01"
                                        data-menu-name="AISLES"
                                        data-sub-menu-name="Unlimited Delivery"
                                      >
                                        Unlimited Delivery
                                      </button>
                                      <button
                                        class="navigation__btn--close btn-close-child"
                                        type="button"
                                        data-tabs-type="header-sub-navigation"
                                        tabindex="1"
                                        data-tab-close=".aisles--subNav--lev3"
                                      >
                                        <span class="mobile-tablet-only"
                                          >Back</span
                                        >
                                        <span class="invisible-text"
                                          >Ferme la du sous menu</span
                                        >
                                      </button>
                                    </li>
                                  </ul>
                                </div>
                              </div>
                              <div class="sub--nav__right">
                                <div
                                  class="nav-right__container aisle-container"
                                >
                                  <div
                                    class="nav-sub--links-container aisles--subNav--lev3 aisles--links-container dishide-is_initialized dishide-target--inactive"
                                    data-module="dishide"
                                    data-tabs-type="header-sub-navigation-levl4"
                                  >
                                    <!-- replaced by JS -->
                                  </div>
                                </div>
                              </div>
                            </div>
                          </div>
                          <li
                            class="active header-menu--btn"
                            role="menuitem"
                            data-ga-id="top-nav-level1"
                            data-is="tabs"
                          >
                            <a
                              href="https://www.metro.ca/en/online-grocery/flyer"
                              id="navigation-level1--10637130"
                              class="dataLayerBigMenuLevelOne navigation__btn"
                              tabindex="2"
                              data-ga-id="top-nav-level1"
                              data-menu-name="Flyer"
                            >
                              Flyer
                            </a>
                          </li>
                          <li
                            class="active header-menu--btn"
                            role="menuitem"
                            data-ga-id="top-nav-level1"
                            data-is="tabs"
                          >
                            <a
                              href="https://www.metro.ca/en/online-grocery/themed-baskets/save-big"
                              id="navigation-level1--10857076"
                              class="dataLayerBigMenuLevelOne navigation__btn"
                              tabindex="2"
                              data-ga-id="top-nav-level1"
                              data-menu-name="SAVE BIG"
                            >
                              SAVE BIG
                            </a>
                          </li>
                          <li
                            class="active header-menu--btn"
                            role="menuitem"
                            data-ga-id="top-nav-level1"
                            data-is="tabs"
                          >
                            <button
                              type="button"
                              id="navigation-level1--10732663"
                              class="dataLayerBigMenuLevelOne navigation__btn btn--online-grocery-classifications menu--btn dishide-trigger-is_initialized"
                              role="button"
                              tabindex="2"
                              data-ga-id="top-nav-level1"
                              data-menu-name="My health my choices"
                              data-is="tab"
                              data-display-tab=".subNavigationMenu-online-grocery-classifications"
                              template="property_menuTitle"
                              data-tab-type="header-navigation"
                              aria-expanded="false"
                            >
                              My health my choices</button
                            ><button
                              class="navigation__btn--close"
                              type="button"
                              data-tab-close=".subNavigationMenu-online-grocery-classifications"
                              template="property_menuTitle"
                              data-tabs-type="header-navigation"
                            >
                              <span class="mobile-tablet-only">Back</span
                              ><span class="invisible-text">Close submenu</span>
                            </button>
                          </li>
                          <div
                            class="sub-navigation-container subNavigationMenu-online-grocery-classifications dishide-target--inactive dishide-is_initialized"
                            data-menu-name="My health my choices"
                          >
                            <div class="sub--nav">
                              <div class="sub--nav__full">
                                <div
                                  class="sub--nav__online-grocery-classifications"
                                >
                                  <!-- replaced by JS -->
                                </div>
                              </div>
                            </div>
                          </div>
                          <li
                            class="active header-menu--btn"
                            role="menuitem"
                            data-ga-id="top-nav-level1"
                            data-is="tabs"
                          >
                            <a
                              href="https://www.metro.ca/en/online-grocery/my-purchases"
                              id="navigation-level1--10298100"
                              class="dataLayerBigMenuLevelOne navigation__btn"
                              tabindex="2"
                              data-ga-id="top-nav-level1"
                              data-menu-name="My previous purchases"
                            >
                              My previous purchases
                            </a>
                          </li>
                          <li
                            class="active header-menu--btn"
                            role="menuitem"
                            data-ga-id="top-nav-level1"
                            data-is="tabs"
                          >
                            <a
                              href="https://www.metro.ca/en/online-grocery/unlimited-delivery"
                              id="navigation-level1--10797018"
                              class="dataLayerBigMenuLevelOne navigation__btn"
                              tabindex="2"
                              data-ga-id="top-nav-level1"
                              data-menu-name="Unlimited Delivery"
                            >
                              Unlimited Delivery
                            </a>
                          </li>
                        </ul>
                      </nav>
                    </div>
                    <div class="slide-container__footer">
                      <div
                        class="d-flex justify-content-between align-items-start"
                      >
                        <a
                          class="hp__cta-level1 js-change-my-language"
                          title="FranÃ§ais"
                          data-ga-id="header-language"
                          hreflang="fr"
                          lang="fr"
                          href="https://www.metro.ca/epicerie-en-ligne/allees/charcuteries-et-plats-prepares"
                          ><span>FR</span></a
                        ><a
                          href="https://www.metro.ca/en/faq/online-order"
                          aria-label="frequently asked questions"
                          >FAQ</a
                        >
                      </div>
                    </div>
                    <div class="slide-container__footer--grocer">
                      <div class="slider--grocery-type">
                        <a
                          class="dataLayerBigMenuSubsiteMetro"
                          href="https://www.metro.ca/en"
                        >
                          <svg>
                            <use xlink:href="#metro-grocer-en"></use>
                          </svg>
                        </a>
                      </div>
                      <div id="innerContentDisplay"></div>
                    </div>
                  </div>
                </div>
                <div class="timeslot-reservation-alert" style="display: none">
                  <img
                    src="./Deli &amp; Prepared Meals _ Metro_files/check-green.svg"
                    alt=""
                  />
                  <span
                    >Your time slot is reserved for the next&nbsp;<strong
                      >two hours</strong
                    >.</span
                  >
                </div>
              </div>
            </div>
            <div class="favorite-store-popup">
              <div class="hide"></div>
            </div>
          </div>
          <div class="grid-container-small">
            <div class="breadcrumb breadcrumb--desktop">
              <ul
                class="b--list"
                itemscope=""
                itemtype="http://schema.org/BreadcrumbList"
              >
                <li
                  itemprop="itemListElement"
                  itemscope=""
                  itemtype="http://schema.org/ListItem"
                >
                  <a
                    itemscope=""
                    itemid="https://metro.ca/en/home"
                    itemtype="http://schema.org/Thing"
                    itemprop="item"
                    href="https://www.metro.ca/en/home"
                    ><span itemprop="name">Home</span
                    ><img
                      itemprop="image"
                      src="./Deli &amp; Prepared Meals _ Metro_files/favicon--source.png"
                      style="display: none" /></a
                  ><meta itemprop="position" content="1" />
                </li>
                <li
                  itemprop="itemListElement"
                  itemscope=""
                  itemtype="http://schema.org/ListItem"
                >
                  <a
                    itemscope=""
                    itemid="https://metro.ca/en/online-grocery"
                    itemtype="http://schema.org/Thing"
                    itemprop="item"
                    href="https://www.metro.ca/en/online-grocery"
                    ><span itemprop="name">Online Grocery</span
                    ><img
                      itemprop="image"
                      src="./Deli &amp; Prepared Meals _ Metro_files/favicon--source.png"
                      style="display: none" /></a
                  ><meta itemprop="position" content="2" />
                </li>

                <li
                  itemprop="itemListElement"
                  itemscope=""
                  itemtype="http://schema.org/ListItem"
                >
                  <a
                    href="https://www.metro.ca/en/online-grocery/aisles"
                    itemscope=""
                    itemtype="http://schema.org/Thing"
                    itemprop="item"
                    itemid="https://metro.ca/en/online-grocery/aisles"
                  >
                    <span itemprop="name">Aisles</span>
                    <img
                      itemprop="image"
                      src="./Deli &amp; Prepared Meals _ Metro_files/favicon--source.png"
                      style="display: none"
                    />
                  </a>
                  <meta itemprop="position" content="3" />
                </li>
                <li
                  itemprop="itemListElement"
                  itemscope=""
                  itemtype="http://schema.org/ListItem"
                >
                  <span
                    itemscope=""
                    itemtype="http://schema.org/Thing"
                    itemprop="item"
                    itemid="https://metro.ca/en/online-grocery/aisles/deli-prepared-meals"
                  >
                    <span itemprop="name" class="b--nolink"
                      >Deli &amp; Prepared Meals</span
                    >
                    <img
                      itemprop="image"
                      src="./Deli &amp; Prepared Meals _ Metro_files/favicon--source.png"
                      style="display: none"
                    />
                  </span>

                  <meta itemprop="position" content="4" />
                </li>
              </ul>
            </div>
            <div class="breadcrumb breadcrumb--mobile">
              <a
                class="cta-arrow-left"
                href="https://www.metro.ca/en/online-grocery/aisles"
              >
                <img
                  src="./Deli &amp; Prepared Meals _ Metro_files/prev.svg"
                  alt=""
                  aria-hidden="true"
                />
                <span>Back to Aisles</span>
              </a>
            </div>
          </div>
          <div
            id="modal-service-and-timeslot-wrapper"
            class="inactive-timeslot-modal"
            data-is="container-tabs"
          >
            <div class="hide" data-module="dishide" data-mode="lightbox">
              <button
                id="modal-service-and-timeslot-trigger"
                type="button"
                data-is="tab"
                data-display-tab=".modal-service-and-timeslot"
                data-toggle="true"
                data-mobile-fixed-scroll="TINK.matchMediaMobile()"
                data-event-onclose="ServiceTimeslot.onCloseModalServiceAndTimeslot()"
                data-event-focus="ServiceTimeslot.manageServiceAndTimeslotFocus()"
                data-animate="ServiceTimeslot.isAnimateOpenModalServiceAndTimeslot()"
                data-animation-open="animation--expand"
                data-animation-close="animation--collapse"
                class="dishide-trigger-is_initialized"
                aria-expanded="false"
              >
                Trigger
              </button>
            </div>
            <div
              id="modal-service-and-timeslot"
              class="modal modal-service-and-timeslot dishide-target--inactive dishide-is_initialized dishide-is_lightbox"
              role="dialog"
            >
              <button
                id="close-modal-service-and-timeslot"
                class="hide"
                type="button"
                data-tab-close=".modal-service-and-timeslot"
              ></button>
              <div class="replaceMePlease cart-setup-container w-100">
                <!-- AJAX FILLED -->
              </div>
            </div>
          </div>

          <div id="browserdetection--box">
            <div
              id="browserdetection--fancybox"
              aria-live="off"
              class="browserdetection--fancybox"
            >
              <div class="browserdetection--header">
                <h3 class="white focusable">Important</h3>
              </div>
              <div class="browserdetection--main">
                <p class="typo--09">
                  For a better browsing experience, this site has been optimized
                  for Chrome on your device.
                </p>
                <div class="btns">
                  <a
                    href="https://www.metro.ca/en/online-grocery/aisles/deli-prepared-meals?sortOrder=popularity#"
                    id="closebrowserdetection"
                    class="btn--black"
                    onclick="$.fancybox.close();"
                    data-program="1"
                    >Ok</a
                  >
                </div>
              </div>
            </div>
          </div>

          <div
            id="modal-add-to-cart-other-flavours-wrapper"
            data-is="container-tabs"
          >
            <div class="hide" data-module="dishide" data-mode="lightbox">
              <button
                id="modal-add-to-cart-other-flavours-trigger"
                type="button"
                data-is="tab"
                data-display-tab=".modal-add-to-cart-other-flavours"
                data-tabs-type="modal-other-flavours"
                data-toggle="true"
                data-animation-open="animation--expand"
                data-animation-close="animation--collapse"
                class="dishide-trigger-is_initialized"
                aria-expanded="false"
              >
                Trigger
              </button>
            </div>
            <div
              id="modal-add-to-cart-other-flavours"
              class="modal modal-add-to-cart-other-flavours modal--no-title grid-container-medium dishide-target--inactive dishide-is_initialized dishide-is_lightbox"
              role="dialog"
            >
              <button
                id="close-modal-add-to-cart-other-flavours"
                class="modal__close"
                type="button"
                data-tab-close=".modal-add-to-cart-other-flavours"
              >
                <span class="invisible-text"
                  >Closes the contextual modal window</span
                >

                <svg viewBox="0 0 20 20">
                  <use xlink:href="#shared--small--icons--close"></use>
                </svg>
              </button>
              <div class="replaceMePlease"><!-- AJAX FILLED --></div>
            </div>
          </div>

          <div class="mini-cart-side-panel-container" data-is="container-tabs">
            <div class="hide" data-module="dishide" data-mode="lightbox">
              <button
                id="mini-cart-side-panel-trigger"
                type="button"
                data-is="tab"
                data-display-tab=".mini-cart-side-panel"
                data-tabs-type="mini-cart-side-panel"
                data-toggle="true"
                data-event-focus="MiniCart.manageMiniCartFocus();"
                data-animation-open="animation--side-panel-open-right-100"
                data-animation-close="animation--side-panel-close-right-100-fadeout"
                data-event-onclose="MiniCart.cleanUpOnModalClose();"
                class="dishide-trigger-is_initialized"
                aria-expanded="false"
              ></button>
            </div>
            <div
              class="mini-cart-side-panel modal modal--no-title grid-container-medium dishide-target--inactive dishide-is_initialized dishide-is_lightbox"
              role="dialog"
            >
              <div class="mini-cart-spontaneous-purchase hide"></div>
              <div class="mini-cart-content-container">
                <header class="mini-cart-header" role="header">
                  <h2 tabindex="0">
                    My cart
                    <span class="ml-2">(</span
                    ><span class="miniCartNbItems"></span>
                    <span class="miniCartNbItemsText ml-1">product</span
                    ><span>)</span>
                  </h2>
                </header>
                <button
                  id="close-mini-cart-side-panel"
                  class="hide"
                  type="button"
                  data-tab-close=".mini-cart-side-panel"
                ></button>
                <button
                  class="modal__close minicart-close"
                  type="button"
                  data-tab-close=".mini-cart-side-panel"
                >
                  <span class="invisible-text"
                    >Button close cart summary window</span
                  >

                  <svg viewBox="0 0 20 20">
                    <use xlink:href="#shared--small--icons--close"></use>
                  </svg>
                </button>
                <div
                  class="mini-cart-empty box-solid-medium box--dashed mx-12 hide"
                >
                  <div class="cart-empty__description mb-4">
                    <span class="box-icon-medium mb-4">
                      <svg
                        xmlns="http://www.w3.org/2000/svg"
                        width="73"
                        height="65.42"
                        viewBox="0 0 73 65.42"
                        class="injected-svg inject-me fill-black"
                        data-src="/images/shared/small/icons/cart-empty.svg"
                      >
                        <defs>
                          <clippath id="503e9539-8496-45af-aa2c-add30eb3a195-0">
                            <path
                              d="M35.27 60.42a3.92 3.92 0 1 1 3.84-3.91 3.88 3.88 0 0 1-3.84 3.91"
                              fill="none"
                              clip-rule="evenodd"
                            ></path>
                          </clippath>
                          <clippath id="dd5ef224-1920-4726-aacc-cdc45339cd20-0">
                            <path
                              d="M54.55 60.42a3.92 3.92 0 1 1 3.84-3.91 3.88 3.88 0 0 1-3.84 3.91"
                              fill="none"
                              clip-rule="evenodd"
                            ></path>
                          </clippath>
                          <clippath id="87d957ad-8f44-403f-a7b1-0da58408e138-0">
                            <path
                              d="M28.37 48.66a1.15 1.15 0 0 1 0-2.3h33.08a1.15 1.15 0 0 1 0 2.3z"
                              fill="none"
                              clip-rule="evenodd"
                            ></path>
                          </clippath>
                          <clippath id="e3f23c06-4693-4685-8575-3beb45b4ea33-0">
                            <path fill="none" d="M5 5h63v36.78H5z"></path>
                          </clippath>
                          <clippath id="019e1749-0a2f-44e7-b9f8-c93cb954fa43-0">
                            <path fill="none" d="M5 5h64v37H5z"></path>
                          </clippath>
                          <clippath id="45663ba0-cb9c-49c7-998b-9fa787dd36cb-0">
                            <path
                              d="M29.36 41.78c-3.53 0-4.22-2.5-4.36-3.58-.95-5-3.67-17.15-4.2-19.54l-2-9.57a2.11 2.11 0 0 0-2.19-1.79H6.12a1.15 1.15 0 0 1 0-2.3H16.6A4.18 4.18 0 0 1 21 8.6l1.34 6.12a1.32 1.32 0 0 0 1.4.88h41.43a3 3 0 0 1 2.33.92 3.64 3.64 0 0 1 .31 3.14l-.09.4c-2 8.64-3.42 15.06-4 18.06-.18 1.2-.54 3.65-4.36 3.65zm-5.13-23.89h-.42a.89.89 0 0 0-.53.29v.06a.87.87 0 0 0-.07.63l.79 4.26 2.7 11.76.52 2.79a2.2 2.2 0 0 0 2.16 1.8h30a2.17 2.17 0 0 0 2.15-1.81l4.07-18.42a4.08 4.08 0 0 0 .05-.43.91.91 0 0 0-.18-.59.9.9 0 0 0-.54-.31h-.43z"
                              fill="none"
                              clip-rule="evenodd"
                            ></path>
                          </clippath>
                          <clippath id="b1a4a4f0-1d4e-4980-b597-a796b875e3c1-0">
                            <path fill="none" d="M5 5h63v37H5z"></path>
                          </clippath>
                          <clippath id="554f01ba-4532-4e84-b66c-30aa929e75d4-0">
                            <path
                              d="M50.11 22.18l-5.73 5.74-5.74-5.74a.87.87 0 0 0-1.23 1.23l5.73 5.74-5.73 5.73a.87.87 0 1 0 1.23 1.23l5.74-5.73 5.73 5.73a.87.87 0 1 0 1.23-1.23l-5.73-5.73 5.73-5.74a.87.87 0 0 0-1.23-1.23"
                              fill="none"
                              clip-rule="evenodd"
                            ></path>
                          </clippath>
                        </defs>
                        <g data-name="Layer 2">
                          <g data-name="Calque 2">
                            <g
                              clip-path="url(#503e9539-8496-45af-aa2c-add30eb3a195-0)"
                            >
                              <path d="M26.42 47.59h17.69v17.83H26.42z"></path>
                            </g>
                            <g
                              clip-path="url(#dd5ef224-1920-4726-aacc-cdc45339cd20-0)"
                            >
                              <path d="M45.7 47.59h17.69v17.83H45.7z"></path>
                            </g>
                            <g
                              clip-path="url(#87d957ad-8f44-403f-a7b1-0da58408e138-0)"
                            >
                              <path d="M22.24 41.36h45.33v12.31H22.24z"></path>
                            </g>
                            <g
                              clip-path="url(#e3f23c06-4693-4685-8575-3beb45b4ea33-0)"
                            >
                              <g
                                clip-path="url(#019e1749-0a2f-44e7-b9f8-c93cb954fa43-0)"
                                style="isolation: isolate"
                              >
                                <g
                                  clip-path="url(#45663ba0-cb9c-49c7-998b-9fa787dd36cb-0)"
                                >
                                  <g
                                    clip-path="url(#b1a4a4f0-1d4e-4980-b597-a796b875e3c1-0)"
                                  >
                                    <path d="M0 0h73v46.78H0z"></path>
                                  </g>
                                </g>
                              </g>
                            </g>
                            <g
                              clip-path="url(#554f01ba-4532-4e84-b66c-30aa929e75d4-0)"
                            >
                              <path d="M32.16 16.93H56.6v24.44H32.16z"></path>
                            </g>
                          </g>
                        </g>
                      </svg>
                    </span>
                    <p class="heading-medium-light text-align-center mb-4">
                      Your cart is emptyâ¦
                    </p>
                  </div>
                  <div class="d-flex flex-column w-100 px-6">
                    <a
                      class="cta-primary w-100 mb-4"
                      id="minicart-shop"
                      href="https://www.metro.ca/en/online-grocery/search"
                      >Shop Now</a
                    >
                    <a
                      class="cta-secondary w-100 mb-4"
                      id="minicart-deals"
                      href="https://www.metro.ca/en/online-grocery/search?sortOrder=relevance&amp;filter=%3Arelevance%3Adeal%3AAll+Deals"
                      >Deals</a
                    >
                  </div>
                </div>

                <div class="mini-cart-full hide">
                  <div class="upass-advertising-container">
                    <div class="upass-products-header">
                      <div class="upass-products-header__left">
                        <img
                          src="./Deli &amp; Prepared Meals _ Metro_files/logo-unlimited-delivery.svg"
                        />
                      </div>
                      <div class="upass-products-header__right">
                        <div>
                          <span
                            >Free shipping immediately activated upon purchase
                            !</span
                          >

                          <div>
                            <a
                              href="https://www.metro.ca/en/online-grocery/unlimited-delivery"
                            >
                              <span>Learn more</span>
                            </a>
                          </div>
                        </div>
                      </div>
                    </div>

                    <div
                      class="accordion--standalone accordion-default-is_initialized"
                      data-feature="accordion-default"
                    >
                      <button
                        id="uPassSelectBtn"
                        type="button"
                        class="accordion--btn"
                        data-action="toggle-accordion"
                        aria-expanded="false"
                      ></button>
                      <div
                        class="select-upass-product accordion--text"
                        name="select_element"
                        style="display: none"
                      ></div>
                    </div>

                    <div class="upass-products-button">
                      <button
                        type="button"
                        class="add-upass-product cta-primary ml-2"
                      >
                        <span class="t_secondary"
                          >Add to the shopping cart</span
                        >
                      </button>
                    </div>
                  </div>

                  <div class="mini-cart-side-panel--products-list"></div>
                  <div class="mc--remove--all">
                    <button
                      class="mc--remove--all__btn deleteAllMiniCart"
                      type="button"
                    >
                      <span>Empty my cart</span>
                      <svg
                        xmlns="http://www.w3.org/2000/svg"
                        viewBox="0 0 18.79 24"
                        class="injected-svg ml-2 inject-me"
                        data-src="/images/shared/small/icons/trash-crossed.svg"
                      >
                        <path
                          d="M16.18 24H2.61a1.56 1.56 0 0 1-1.56-1.57V3.65H.5a.52.52 0 0 1-.52-.54.53.53 0 0 1 .48-.5h5.28v-1A1.57 1.57 0 0 1 7.31 0h4.17a1.58 1.58 0 0 1 1.57 1.57v1h5.23a.51.51 0 0 1 .51.53.51.51 0 0 1-.52.51h-.53v18.82A1.56 1.56 0 0 1 16.18 24zM2.09 3.65v18.78a.53.53 0 0 0 .52.53h13.57a.52.52 0 0 0 .52-.53V3.65zM7.31 1a.52.52 0 0 0-.52.53v1h5.19v-1a.52.52 0 0 0-.5-.53z"
                        ></path>
                        <path
                          fill="none"
                          stroke="#000"
                          stroke-linecap="round"
                          d="M5.95 9.97l7.07 7.07M13.02 9.97l-7.07 7.07"
                        ></path>
                      </svg>
                    </button>
                  </div>
                </div>
              </div>

              <div class="mini-cart-side-panel--pricing">
                <div
                  class="body-small-bold fs-14 text-align-right pb-4 pr-4"
                  tabindex="0"
                >
                  <span class="mr-1">Subtotal:</span>
                  <span class="subtotal"></span>
                </div>
                <div class="minimum-order-amount-warning hide">
                  <span class="minimum-order-amount-warning__message"
                    >Minimum amount not reached</span
                  >
                </div>
                <div class="w-100 d-flex justify-content-between">
                  <a
                    class="cta-secondary mr-2"
                    id="minicart-modify-shopping-cart"
                    href="https://www.metro.ca/en/my-cart"
                    >Modify my cart</a
                  >
                  <button
                    type="button"
                    class="cta-primary checkout-diff hide ml-2"
                    disabled=""
                  >
                    <span class="diffAmountForCheckout"></span>
                    <span class="diffAmountForCheckout_secondary"
                      >left to check out</span
                    >
                  </button>
                  <button
                    type="button"
                    class="cta-primary checkout-button hide ml-2"
                    id="minicart-checkout-button"
                  >
                    Checkout now
                  </button>
                </div>
              </div>

              <div
                class="mini-cart-side-panel--spontaneous hide"
                data-express-service="false"
                data-alcohol-pickup-only-warning="false"
              >
                <button
                  type="button"
                  class="cta-secondary roboto-bold checkout-button checkout-button--spontaneous no-thank-you"
                  id="minicart-continue-checkout-button"
                  data-tab-close=".mini-cart-side-panel"
                >
                  No thanks
                </button>
              </div>
            </div>
          </div>

          <script>
            /*<![CDATA[*/
            var miniCartUrl = "\/en\/mini-cart";
            var miniCartDeleteDelayEnabled = true;
            var miniCartDeleteDelayDuration = "5000";
            var checkoutUrl = "\/en\/checkout";
            var uPassAisleId = "PL01";
            /*]]>*/
          </script>

          <script>
            /*<![CDATA[*/
            var googleMapsUrl =
              "\/\/maps.googleapis.com\/maps\/api\/js?key=AIzaSyDHE1z-Kr1oKRXIX5lc4utj1dk1zHfkhiM\u0026amp;language=en\u0026amp;region=CA";
            var isAuthenticated = false;
            var isCartAvailable = false;
            var isFastCheckoutInitialized = true;
            var isFastCheckoutGroceryActivated = false;
            var isFastCheckoutUsable = false;
            var validateDeliveryPostalCodeUrl =
              "\/en\/service-and-timeslot\/service\/delivery-postal-code";
            var mpriorityCriteriasUrl =
              "\/en\/service-and-timeslot\/mpriority-criterias";
            var deliveryMailingListUrl =
              "\/en\/service-and-timeslot\/deliveryMailingSubscription";
            var assignStoreToCartUrl = "\/en\/service-and-timeslot\/store";
            var serviceUrl = "\/en\/service-and-timeslot\/service";
            var timeslotUrl = "\/en\/service-and-timeslot\/timeslot";
            var timeslotFromDateUrl =
              "\/en\/service-and-timeslot\/timeslot-from-date";
            var errorCartProductCode = null;
            var errorCartProductAction = null;
            var isMetroEtMoi = true;
            var retrieveClassificationsUrl =
              "\/en\/online-grocery\/classifications-ajax";
            var shopOnlineUrl = "\/en\/online-grocery";
            var homePageUrl = "\/en";
            var serviceType = "";
            var overrideEcommStoreId = null;
            var deployVersion = "4.65.1+r1981";
            /*]]>*/
          </script>

          <script>
            /*<![CDATA[*/
            var vitrineUrl = "https:\/\/www.metro.ca";
            var shoppingListUrl = "\/en\/my-grocery-list";
            var flyerPageURL = "\/en\/flyer";
            var ecomFlyerViewFlyerUrl = "\/en\/online-grocery\/flyer";
            var synchronizeAddressAjaxUrl = "\/en\/save-address";
            var updateSyncDateAjaxUrl = "\/en\/update-synchronization-date";
            var verifyAddressAjaxUrl = "\/en\/address-verification";
            var verifyPostalCodeAjaxUrl = "\/en\/postal-code-verification";
            var signUpUrl = "\/en\/sign-up";
            var contactInfoUrl = "\/en\/my-account\/contact-information";
            var canadaPostAjaxUrl = "\/canadapost";

            var linkTextAdd = "Add to list";
            var linkTextRemove = "Remove from list";
            var backMessage = "Back";

            const isCheckoutStep1 = null;

            let defaultDeskImage =
              "\/images\/shared\/placeholders\/icon-no-picture.svg";
            let defaultZoomTabImage =
              "\/images\/shared\/placeholders\/icon-no-picture.svg,\/images\/shared\/placeholders\/icon-no-picture.svg 2x";
            const authLoginForCheckoutMsg =
              "Sign in or sign up to complete your order!";
            var loginFormEmailMasked = null;
            var addressToConfirm = false;

            var forceLogin = null;
            $(window).bind("load", function () {
              if (forceLogin) {
                openLoginModal();
                isCheckoutStep1
                  ? loadCheckoutLoginBox(authLoginForCheckoutMsg)
                  : loadLoginBox();
                if (loginFormEmailMasked) {
                  bindInputLogin();
                }
              }
            });
            /*]]>*/
          </script>

          <script>
            /*<![CDATA[*/
            //accessibility
            var minusOpen = "Decrease quantity";
            var minusLimit = "Decrease quantity unavailable";
            var plusOpen = "Increase quantity";
            var plusLimit = "Product limit reached";
            /*]]>*/
          </script>
          <script
            defer="defer"
            type="application/javascript"
            src="./Deli &amp; Prepared Meals _ Metro_files/qty-incrementer.js"
          ></script>

          <script>
            /*<![CDATA[*/
            var storeId = false;
            var detailsAddProductErrorMessage =
              "The item could not be added to your Cart. Please try again.";
            var acceptLanguage = "en";
            var shoppingCartUrl = "\/en\/my-cart";
            var productCollectionResult = null;
            /*]]>*/
          </script>

          <script>
            /*<![CDATA[*/
            var cartStarterUrl = "\/en\/cart-starter";
            var cartStarterLoginAddProductMsg =
              "Log in to add your <strong>favourites<\/strong>.";
            var cartStarterDeleteAllErrorMessage =
              "An error occurred while deleting your favourite products.";
            var cartStarterAddAllToCartErrorMessage =
              "An error occurred while adding your favourite products to the cart.";
            var cartStarterAddConfirmationMessage =
              'Added to <a href="\/en\/my-account\/my-favourites">your favourites<\/a>.';
            var cartStarterDeleteConfirmationMessage =
              'Removed from <a href="\/en\/my-account\/my-favourites">your favourites<\/a>.';
            var cartStarterAddButtonDescription = "Add to your favourites";
            var cartStarterRemoveButtonDescription =
              "Remove from your favourites";
            var myFavouritesUrl = "\/en\/my-account\/my-favourites";
            /*]]>*/
          </script>

          <script>
            /*<![CDATA[*/
            var autocompleteSearchProductsUrl =
              "\/en\/autocompleteSearchProducts";
            var autocompleteDefaultSuggestions = {
              header: "Popular searches:",
              suggestions: {
                Milk: "\/en\/online-grocery\/search?filter=milk\u0026freeText=true",
                Eggs: "\/en\/online-grocery\/search?filter=eggs\u0026freeText=true",
                Bread:
                  "\/en\/online-grocery\/search?filter=bread\u0026freeText=true",
                Chicken:
                  "\/en\/online-grocery\/search?filter=chicken\u0026freeText=true",
                Cheese:
                  "\/en\/online-grocery\/search?filter=cheese\u0026freeText=true",
                Butter:
                  "\/en\/online-grocery\/search?filter=butter\u0026freeText=true",
                Potatoes:
                  "\/en\/online-grocery\/search?filter=potatoes\u0026freeText=true",
              },
            };
            var autocompleteSearchProductsMinLength = "3";
            var autocompleteSearchProductsRequestDelay = "500";
            /*]]>*/
          </script>

          <script>
            /*<![CDATA[*/
            var impulsivePurchaseUrl = "\/en\/impulsive-purchase";
            var impulsivePurchaseMaxDisplay = "3";
            var impulsivePurchaseContinueMessage = "Continue";
            var impulsivePurchaseNoThankYouMessage = "No thanks";
            var maxItemTotalExceededMessage = "Cart limit exceeded ({0}\/{1})";
            var checkoutButtonMessage = "Checkout Now";
            /*]]>*/
          </script>

          <div
            id="modal-sign-in-box-conflict-container"
            class="modal-login-conflicts-wrapper"
          >
            <!-- AJAX filled -->
          </div>
          <div>
            <div
              id="changeOrderNewStorePopup"
              class="modal--with-header modal-change-order-new-store"
              data-module="dishide-change-store"
              data-mode="lightbox"
              data-tabs-type="modal-change-order"
              data-display-tab="#changeOrderNewStorePopup"
              aria-labelledby="changeOrderNewStorePopup__text"
            >
              <header class="mwh__header">
                <h2 class="mwh__title">Important</h2>
              </header>
              <div class="mwh__content text-align-center">
                <div
                  class="textReplacedByAjax"
                  id="changeOrderNewStorePopup__text"
                >
                  <p>
                    <strong
                      >The product you've selected is unavailable at your chosen
                      store it could not be added to your Cart.</strong
                    >
                  </p>
                </div>
                <div class="mt-30">
                  <button
                    type="button"
                    id="newInventoryContinue"
                    class="btn--black close"
                    data-tab-close="#changeOrderNewStorePopup"
                    data-tabs-type="modal-change-order"
                    onclick="reloadPage();"
                  >
                    Continue
                  </button>
                </div>
              </div>
            </div>
          </div>
          <div
            class="modal--with-header modal-fastcheckout-recap"
            data-module="dishide-fast-checkout"
            data-mode="lightbox"
            data-display-tab=".modal-fastcheckout-recap"
            data-tabs-type="modal-fast-checkout"
          >
            <header class="mwh__header">
              <h2 class="mwh__title">Fast checkout</h2>
              <button
                type="button"
                data-tab-close="#modalWithHeader"
                data-tabs-type="modal-fast-checkout"
                class="mwh__close"
              >
                <span>Close</span>

                <svg viewBox="0 0 20 20">
                  <use xlink:href="#shared--small--icons--close"></use>
                </svg>
              </button>
            </header>
            <div class="mwh__content">
              <p id="fastCheckoutTypeMessage"></p>
              <p>
                It will be used to make checkout faster in the future! You can
                modify it at any time.
              </p>
              <div
                class="fast-checkout-order-confirmation fast-checkout-reminder"
              >
                <div id="fastCheckoutRecapInfoContainer" class="w-100">
                  <div class="os-checkout-step step--service">
                    <div
                      class="checkout--step__header is--complete fast-checkout"
                    >
                      <div class="service__summary">
                        <div class="service__choice choice--fast-checkout">
                          <span class="service__icon">
                            <img
                              src="./Deli &amp; Prepared Meals _ Metro_files/icon-valid-field-green.svg"
                              alt=""
                            />
                          </span>
                          <div class="service__info" tabindex="0">
                            <h2 class="mb-1">
                              Fast Checkout has been activated.
                            </h2>
                            <p>
                              Your shopping preferences have been saved! They
                              will be used to make checkout faster in the
                              future! You can modify them at any time.
                            </p>
                          </div>
                        </div>

                        <div class="service__choice choice--delivery">
                          <span class="service__icon">
                            <img
                              src="./Deli &amp; Prepared Meals _ Metro_files/truck.svg"
                              alt=""
                            />
                          </span>
                          <div class="service__info" tabindex="0">
                            <p class="info__title">Delivery</p>
                            <p class="info__text">
                              <span>nullnull, null, null</span>
                            </p>
                          </div>
                        </div>

                        <div class="service__choice modify-fast-checkout pb-4">
                          <span class="service__icon">
                            <img
                              src="./Deli &amp; Prepared Meals _ Metro_files/edit-outline.svg"
                              alt=""
                            />
                          </span>
                          <div class="service__info" tabindex="0">
                            <p class="color-black m-0">
                              You can modify these options at any time in the
                              âFast Checkoutâ section of your account.
                            </p>
                          </div>
                        </div>
                      </div>
                    </div>
                  </div>
                </div>
              </div>

              <div class="actions dismiss-fastcheckout-recap text-align-center">
                <button
                  type="button"
                  class="cta-primary mb-4"
                  data-tab-close=".modal-fastcheckout-recap"
                  data-tabs-type="modal-fast-checkout"
                >
                  I understand!
                </button>
              </div>

              <div
                class="grid-container-medium box-solid-medium padding-medium box--dashed"
              >
                <div class="fast-checkout-reminder-message">
                  <div class="no-fill box-icon-small" aria-hidden="true">
                    <img
                      src="./Deli &amp; Prepared Meals _ Metro_files/exclamation.svg"
                    />
                  </div>
                  <div id="fastCheckoutRecapContainer">
                    <p id="fastCheckoutRecapMessage">
                      You can modify these options at any time in the
                      <a
                        href="https://www.metro.ca/en/my-account/e-commerce-informations"
                        >"Quick&nbsp;order"</a
                      >
                      section of your account.
                    </p>
                  </div>
                </div>
              </div>
            </div>
          </div>
        </div>
      </header>
      <div class="alert-banner-qcon mb-4 alert-ecom-only activeAlertBanner">
        <h3>
          FREE in-store pickup! Same flyer prices and deals online.
          <a
            data-ga-type="services"
            href="https://www.metro.ca/en/online-grocery/search"
            title="Shop Now"
            >Shop Now!</a
          >
        </h3>
      </div>
      <div class="alert-banner-qcon mb-4 alert-ecom-only">
        <h3>
          FREE in-store pickup! Same flyer prices and deals online.
          <a
            data-ga-type="services"
            href="https://www.metro.ca/en/online-grocery/search"
            title="Shop Now"
            >Shop Now!</a
          >
        </h3>
      </div>
      <div class="alert-banner-qcon mb-4 alert-ecom-only">
        <h3>
          FREE in-store pickup! Same flyer prices and deals online.
          <a
            data-ga-type="services"
            href="https://www.metro.ca/en/online-grocery/search"
            title="Shop Now"
            >Shop Now!</a
          >
        </h3>
      </div>
      <div id="content" class="internal withmenu">
        <div class="primary">
          <div class="banner-slider-section">
            <div class="banner-slider carousel-slick"></div>
          </div>
          <div class="layout--mini-template">
            <style>
              .criteo-banner {
                margin-bottom: 2rem;
              }

              .banner-image {
                max-width: 100%;
              }

              .criteo-container {
                border-radius: 0.8rem;
                box-shadow: 0 0.5rem 1rem rgba(0, 0, 0, 0.14);
                overflow: hidden;
                width: 100%;
              }

              @media only screen and (min-width: 980px) {
                .criteo-container {
                  margin: 0.8rem;
                  max-width: calc(50% - 1.6rem);
                }
              }

              @media only screen and (min-width: 1200px) {
                .criteo-container {
                  -webkit-box-flex: 1;
                  display: flex;
                  flex: auto;
                }
              }

              .criteo-container .criteo-creative {
                align-items: center;
                aspect-ratio: 5 / 1.2;
                background-position: center;
                background-repeat: no-repeat;
                background-size: cover;
                display: flex;
                height: auto;
                justify-content: space-around;
                position: relative;
              }

              @media only screen and (min-width: 1200px) {
                .criteo-container .criteo-creative {
                  aspect-ratio: unset;
                  flex-direction: column;
                  justify-content: space-between;
                  max-width: 50%;
                  padding: 0;
                  width: 50%;
                }
              }

              @media only screen and (min-width: 1200px) {
                .criteo-container
                  .criteo-creative.no-product-choices
                  .creative_safe {
                  height: 32rem;
                }
              }

              .criteo-container
                .criteo-creative.no-product-choices
                .creative_product-btn {
                display: none;
              }

              .criteo-container .criteo-btn {
                background-color: #f4f4f4;
                border-radius: 1.6rem;
                font-family: "roboto-medium", "Arial", "Helvetica", "Sans-serif";
                font-size: 1.3rem;
                line-height: 1;
                overflow: hidden;
                padding: 0.8rem 1rem;
                text-align: center;
                text-decoration: none;
                text-overflow: ellipsis;
                transition: all ease 0.4s;
                white-space: nowrap;
              }

              @media only screen and (min-width: 360px) {
                .criteo-container .criteo-btn {
                  font-size: 1.4rem;
                  padding: 1rem 1.2rem;
                }
              }

              .criteo-container .creative_safe {
                align-items: center;
                aspect-ratio: 4.6 / 3;
                display: flex;
                justify-content: center;
                position: relative;
                width: 37%;
                z-index: 2;
              }

              .criteo-container .creative_safe img {
                height: auto;
                max-width: 100%;
              }

              @media only screen and (min-width: 1200px) {
                .criteo-container .creative_safe {
                  aspect-ratio: unset;
                  height: 14rem;
                  margin: 0 auto 2rem auto;
                  width: 18rem;
                }
              }

              .criteo-container .creative_product-btn {
                display: flex;
                flex-shrink: 1;
                flex-wrap: wrap;
                max-width: 62%;
                padding: 0;
                position: relative;
                text-align: center;
                z-index: 4;
              }

              @media only screen and (min-width: 1200px) {
                .criteo-container .creative_product-btn {
                  align-items: center;
                  flex-direction: column;
                  max-width: none;
                  padding: 0 2rem;
                  width: 100%;
                }
              }

              .criteo-container .creative_product-btn .criteo-btn {
                display: inline-block;
                flex-grow: 1;
                margin: 0.2rem;
                width: calc(50% - 0.8rem);
              }

              @media only screen and (min-width: 360px) {
                .criteo-container .creative_product-btn .criteo-btn {
                  margin: 0.3rem;
                }
              }

              @media only screen and (min-width: 600px) {
                .criteo-container .creative_product-btn .criteo-btn {
                  margin: 0.4rem;
                }
              }

              @media only screen and (min-width: 1200px) {
                .criteo-container .creative_product-btn .criteo-btn {
                  width: calc(100% - 2rem);
                }
              }

              .criteo-container
                .creative_product-btn
                .criteo-btn:nth-child(n + 5) {
                display: none;
              }

              @media only screen and (min-width: 1200px) {
                .criteo-container
                  .creative_product-btn
                  .criteo-btn:nth-child(n + 5) {
                  display: block;
                }
              }

              .criteo-container .creative_link-btn {
                display: none;
              }

              @media only screen and (min-width: 1200px) {
                .criteo-container .creative_link-btn {
                  align-items: flex-end;
                  display: flex;
                  min-height: 56px;
                  padding: 2rem;
                  width: 100%;
                  z-index: 4;
                }
              }

              .criteo-container .creative_link-btn .criteo-btn {
                display: block;
                margin: 0 auto;
                width: calc(100% - 2rem);
              }

              .criteo-container .creative_legal-text {
                display: none;
              }

              @media only screen and (min-width: 1200px) {
                .criteo-container .creative_legal-text {
                  align-items: flex-end;
                  display: flex;
                  flex-grow: 1;
                  padding: 2rem;
                  text-align: center;
                  width: 100%;
                  z-index: 4;
                }
              }

              .criteo-container .container__banner-link {
                height: 100%;
                left: 0;
                position: absolute;
                top: 0;
                width: 100%;
                z-index: 3;
              }

              .criteo-container .criteo-bg {
                align-items: center;
                display: flex;
                height: 100%;
                justify-content: center;
                left: 0;
                overflow: hidden;
                position: absolute;
                top: 0;
                width: 100%;
                z-index: 1;
              }

              @media only screen and (min-width: 1200px) {
                .criteo-container .criteo-bg {
                  align-items: flex-start;
                }
              }

              .criteo-container .criteo-bg-img {
                height: auto;
                max-width: 100%;
                width: 100%;
              }

              @media only screen and (min-width: 1200px) {
                .criteo-container .criteo-bg-img {
                  max-width: unset;
                  width: 31rem;
                }
              }

              @media only screen and (min-width: 1200px) {
                .criteo-container .criteo-container__tiles {
                  max-width: 50%;
                  width: 50%;
                }
              }

              .criteo-container .default-product-tile {
                border: 0;
                box-shadow: none;
                display: none;
                margin: 0;
                max-width: 100%;
              }

              @media only screen and (min-width: 1200px) {
                .criteo-container .default-product-tile {
                  height: 100%;
                  margin-left: 0;
                }
              }

              .criteo-container .default-product-tile.criteo-active-tile {
                display: flex;
                margin: 0;
              }
            </style>
            <div>
              <div class="except-mobile hero--xsmall bg-wild-sand">
                <div class="grid--container">
                  <div class="h--flex">
                    <div>&nbsp;</div>
                    <div>
                      <h1 class="heading-large-thick">
                        Deli &amp; Prepared Meals
                      </h1>
                    </div>
                    <div>&nbsp;</div>
                  </div>
                </div>
              </div>
            </div>
            <div>
              <style type="text/css">
                .theme-online-grocery .alert-ecom-not-ecomm {
                  display: none !important;
                }

                .theme-metro .alert-ecom-only {
                  display: none !important;
                }

                .alert-banner-qcon {
                  background-color: #000000;
                  padding: 20px;
                  text-align: center;
                  width: 100%;
                  max-width: 100%;
                  height: auto;
                  text-align: center;
                  display: none;
                }

                .alert-banner-qcon h3 {
                  text-align: center;
                  color: #ffffff;
                  display: block;
                  margin: 0 auto;
                  max-width: 1200px;
                  width: 90%;
                  padding: 0 2rem 0 2rem;
                  font-size: 1.8rem;
                }

                .alert-banner-qcon h3 a {
                  color: #fff;
                  font-weight: 800;
                  text-decoration: none;
                }

                .alert-banner-qcon h3 a:hover,
                .alert-banner-qcon h3 a:focus {
                  color: #fff !important;
                  font-weight: 800;
                  text-decoration: underline;
                }

                .activeAlertBanner {
                  display: block;
                }

                .notactiveAlertBanner {
                  display: none;
                }

                @media only screen and (max-width: 480px) {
                  .alert-banner-qcon h3 {
                    font-size: 1.3rem;
                    line-height: 24px;
                  }
                }
              </style>
              <script>
                var insertAlertBanner = $("#container header:first");

                $(".alert-ecom-only").insertAfter(insertAlertBanner);
                $(".alert-ecom-only").first().addClass("activeAlertBanner");

                //$('.alert-ecom-not-ecomm').insertAfter(insertAlertBanner );
                //$('.alert-ecom-not-ecomm').first().addClass('activeAlertBanner');
              </script>
            </div>
            <div>
              <script>
                $(document).ready(function () {
                  var storeid = $("#myStoreLink,.ipDetection")
                    .attr("href")
                    .split("/")[3];

                  if (
                    storeid == 134 ||
                    storeid == 123 ||
                    storeid == 129 ||
                    storeid == 133 ||
                    storeid == 135 ||
                    storeid == 36 ||
                    storeid == 177 ||
                    storeid == 26 ||
                    storeid == 115 ||
                    storeid == 152 ||
                    storeid == 125 ||
                    storeid == 114 ||
                    storeid == 122 ||
                    storeid == 181 ||
                    storeid == 168 ||
                    storeid == 183 ||
                    storeid == 185 ||
                    storeid == 359 ||
                    storeid == 31 ||
                    storeid == 140 ||
                    storeid == 52 ||
                    storeid == 156 ||
                    storeid == 184 ||
                    storeid == 45 ||
                    storeid == 47 ||
                    storeid == 121 ||
                    storeid == 130 ||
                    storeid == 170 ||
                    storeid == 164 ||
                    storeid == 51 ||
                    storeid == 24 ||
                    storeid == 118 ||
                    storeid == 119 ||
                    storeid == 126 ||
                    storeid == 127 ||
                    storeid == 23 ||
                    storeid == 173 ||
                    storeid == 144 ||
                    storeid == 41 ||
                    storeid == 153 ||
                    storeid == 58 ||
                    storeid == 186 ||
                    storeid == 182 ||
                    storeid == 180 ||
                    storeid == 169 ||
                    storeid == 178 ||
                    storeid == 10 ||
                    storeid == 128 ||
                    storeid == 25 ||
                    storeid == 131 ||
                    storeid == 137 ||
                    storeid == 50 ||
                    storeid == 8 ||
                    storeid == 206 ||
                    storeid == 165 ||
                    storeid == 67 ||
                    storeid == 172 ||
                    storeid == 65 ||
                    storeid == 72 ||
                    storeid == 68 ||
                    storeid == 63 ||
                    storeid == 70 ||
                    storeid == 175 ||
                    storeid == 64 ||
                    storeid == 73 ||
                    storeid == 167 ||
                    storeid == 44 ||
                    storeid == 176 ||
                    storeid == 80 ||
                    storeid == 78 ||
                    storeid == 77 ||
                    storeid == 66 ||
                    storeid == 132 ||
                    storeid == 162 ||
                    storeid == 147 ||
                    storeid == 15 ||
                    storeid == 179 ||
                    storeid == 157 ||
                    storeid == 79 ||
                    storeid == 191 ||
                    storeid == 110 ||
                    storeid == 84 ||
                    storeid == 88 ||
                    storeid == 107 ||
                    storeid == 34 ||
                    storeid == 90 ||
                    storeid == 86 ||
                    storeid == 195 ||
                    storeid == 196 ||
                    storeid == 205 ||
                    storeid == 85 ||
                    storeid == 197 ||
                    storeid == 198 ||
                    storeid == 187 ||
                    storeid == 94 ||
                    storeid == 192 ||
                    storeid == 82 ||
                    storeid == 149 ||
                    storeid == 190 ||
                    storeid == 188 ||
                    storeid == 199 ||
                    storeid == 194
                  ) {
                    $("#magasin-MONTREALalerteNOEL").attr(
                      "style",
                      "display: none !important"
                    );
                  } else {
                    $("#magasin-MONTREALalerteNOEL").attr(
                      "style",
                      "display: none !important"
                    );
                  }
                });
              </script>
              <style type="text/css">
                * {
                  box-sizing: border-box;
                }
                body {
                  padding: 0;
                  margin: 0;
                }
                img {
                  image-rendering: -moz-crisp-edges; /* Firefox */
                  image-rendering: -o-crisp-edges; /* Opera */
                  image-rendering: -webkit-optimize-contrast; /* Webkit (non-standard naming) */
                  image-rendering: crisp-edges;
                  -ms-interpolation-mode: nearest-neighbor; /* IE (non-standard property) */
                }

                [class*="colMetroB-"] {
                  width: 100%;
                  float: left;
                  padding: 5px 10px;
                }
                .rowB::after {
                  content: "";
                  clear: both;
                  display: table;
                }
                .rowB {
                  max-width: 100%;
                  margin: 0 auto;
                  padding: 0;
                  width: 100%;
                }
                .col-containerB {
                  margin: 0 auto;
                }

                .btnGreyBanner {
                  font-size: 12px !important;
                  /*line-height:20px;*/
                  color: #fff !important;
                  /*text-decoration:underline;*/
                }
                .textGreyBanner {
                  font-size: 14px;
                  line-height: 20px;
                }
                .textGreyBannerbig {
                  font-size: 16px;
                  line-height: 22px;
                }

                .RedBannerPadFix {
                  padding-top: 0px !important;
                }
                .redBannerRow1,
                .redBannerRow2,
                .redBannerRow3 {
                  height: 40px !important;
                }
                .Row1PadFix {
                  padding: 10px 10px 0 10px !important;
                }
                .Row2PadFix {
                  padding: 10px 10px 10px 10px !important;
                }
                .Row3PadFix {
                  padding: 0 10px 10px 10px !important;
                }

                /* GRID COL STARTS HERE */

                .colMetroB-m-1 {
                  width: 8.33%;
                }
                .colMetroB-m-2 {
                  width: 16.66%;
                }
                .colMetroB-m-3 {
                  width: 25%;
                }
                .colMetroB-m-4 {
                  width: 33.33%;
                }
                .colMetroB-m-5 {
                  width: 41.66%;
                }
                .colMetroB-m-6 {
                  width: 50%;
                }
                .colMetroB-m-7 {
                  width: 58.33%;
                }
                .colMetroB-m-8 {
                  width: 66.66%;
                }
                .colMetroB-m-9 {
                  width: 75%;
                }
                .colMetroB-m-10 {
                  width: 83.33%;
                }
                .colMetroB-m-11 {
                  width: 91.66%;
                }
                .colMetroB-m-12 {
                  width: 100%;
                }

                @media only screen and (min-width: 630px) {
                  .colMetroB-ts-1 {
                    width: 8.33%;
                  }
                  .colMetroB-ts-2 {
                    width: 16.66%;
                  }
                  .colMetroB-ts-3 {
                    width: 25%;
                  }
                  .colMetroB-ts-4 {
                    width: 33.33%;
                  }
                  .colMetroB-ts-5 {
                    width: 41.66%;
                  }
                  .colMetroB-ts-6 {
                    width: 50%;
                  }
                  .colMetroB-ts-7 {
                    width: 58.33%;
                  }
                  .colMetroB-ts-8 {
                    width: 66.66%;
                  }
                  .colMetroB-ts-9 {
                    width: 75%;
                  }
                  .colMetroB-ts-10 {
                    width: 83.33%;
                  }
                  .colMetroB-ts-11 {
                    width: 91.66%;
                  }
                  .colMetroB-ts-12 {
                    width: 100%;
                  }
                }

                @media only screen and (min-width: 730px) {
                  .colMetroB-t-1 {
                    width: 8.33%;
                  }
                  .colMetroB-t-2 {
                    width: 16.66%;
                  }
                  .colMetroB-t-3 {
                    width: 25%;
                  }
                  .colMetroB-t-4 {
                    width: 33.33%;
                  }
                  .colMetroB-t-5 {
                    width: 41.66%;
                  }
                  .colMetroB-t-6 {
                    width: 50%;
                  }
                  .colMetroB-t-7 {
                    width: 58.33%;
                  }
                  .colMetroB-t-8 {
                    width: 66.66%;
                  }
                  .colMetroB-t-9 {
                    width: 75%;
                  }
                  .colMetroB-t-10 {
                    width: 83.33%;
                  }
                  .colMetroB-t-11 {
                    width: 91.66%;
                  }
                  .colMetroB-t-12 {
                    width: 100%;
                  }
                }

                @media only screen and (min-width: 980px) {
                  .colMetroB-ws-1 {
                    width: 6.66%;
                  }
                  .colMetroB-ws-2 {
                    width: 13.33%;
                  }
                  .colMetroB-ws-3 {
                    width: 20%;
                  }
                  .colMetroB-ws-4 {
                    width: 26.66%;
                  }
                  .colMetroB-ws-5 {
                    width: 33.33%;
                  }
                  .colMetroB-ws-6 {
                    width: 40%;
                  }
                  .colMetroB-ws-7 {
                    width: 46.66%;
                  }
                  .colMetroB-ws-8 {
                    width: 53.33%;
                  }
                  .colMetroB-ws-9 {
                    width: 60%;
                  }
                  .colMetroB-ws-10 {
                    width: 66.66%;
                  }
                  .colMetroB-ws-11 {
                    width: 73.33%;
                  }
                  .colMetroB-ws-12 {
                    width: 80%;
                  }
                  .colMetroB-ws-13 {
                    width: 86.66%;
                  }
                  .colMetroB-ws-14 {
                    width: 93.33%;
                  }
                  .colMetroB-ws-15 {
                    width: 100%;
                  }
                }

                @media only screen and (min-width: 1200px) {
                  .colMetroB-d-1 {
                    width: 6.66%;
                  }
                  .colMetroB-d-2 {
                    width: 13.33%;
                  }
                  .colMetroB-d-3 {
                    width: 20%;
                  }
                  .colMetroB-d-4 {
                    width: 26.66%;
                  }
                  .colMetroB-d-5 {
                    width: 33.33%;
                  }
                  .colMetroB-d-6 {
                    width: 40%;
                  }
                  .colMetroB-d-7 {
                    width: 46.66%;
                  }
                  .colMetroB-d-8 {
                    width: 53.33%;
                  }
                  .colMetroB-d-9 {
                    width: 60%;
                  }
                  .colMetroB-d-10 {
                    width: 66.66%;
                  }
                  .colMetroB-d-11 {
                    width: 73.33%;
                  }
                  .colMetroB-d-12 {
                    width: 80%;
                  }
                  .colMetroB-d-13 {
                    width: 86.66%;
                  }
                  .colMetroB-d-14 {
                    width: 93.33%;
                  }
                  .colMetroB-d-15 {
                    width: 100%;
                  }
                }

                .GreyBannerAlign p {
                  display: table;
                  padding: 0;
                  margin: 0;
                  height: 40px;
                  color: #fff !important;
                }
                .GreyBannerAlign span {
                  display: table-cell;
                  vertical-align: middle;
                  padding: 0;
                }
                .GreyBannerAlign-title {
                  font-size: 18px !important;
                }
                @media only screen and (min-width: 630px) {
                  .col-containerB {
                    max-width: 630px;
                  }
                  .RedBannerPadFix {
                    padding-top: 5px !important;
                  }
                  .redBannerRow1,
                  .redBannerRow2,
                  .redBannerRow3 {
                    height: 40px !important;
                  }
                  .Row1PadFix,
                  .Row2PadFix,
                  .Row3PadFix {
                    padding: 10px 10px 10px 10px !important;
                  }
                }

                @media only screen and (min-width: 980px) {
                  .rowB {
                    padding: 0;
                  }
                  .col-containerB {
                    max-width: 950px;
                  }
                  .GreyBannerAlign p {
                    margin: 0;
                    height: 50px;
                    padding: 0;
                  }
                  .GreyBannerAlign span {
                    padding: 0;
                  }
                  .GreyBannerAlign-title {
                    font-size: 18px !important;
                  }
                  .btnGreyBanner {
                    /*font-size: 14px!important;*/
                  }
                  .textGreyBanner {
                    font-size: 16px;
                    line-height: 20px;
                  }
                }
                @media only screen and (min-width: 1200px) {
                  [class*="colMetroB-"] {
                    padding: 5px 10px;
                  }
                  .rowB {
                    padding: 0;
                  }
                  .col-containerB {
                    max-width: 1000px;
                  }
                }</style
              ><!--div id="magasin-MONTREALalerte2" style="display: none!important; "><div class="rowB" style="background-color:#e41b13;"><div class="col-containerB"><div align="center" class="colMetroB-m-12 colMetroB-ts-3 colMetroB-ws-3 colMetroB-d-3 GreyBannerAlign Row1PadFix"><p class="typo--06" class="redBannerRow1"><img src="/userfiles/image/icon/metro-panier-m-white-b.svg" style="width:30px; height:auto; margin:10px 15px 0 0;"><span class="GreyBannerAlign-title"></span></p></div><div align="center" class="colMetroB-m-12 colMetroB-ts-6 colMetroB-ws-9 colMetroB-d-9 GreyBannerAlign Row2PadFix"><p class="typo--07" class="redBannerRow2" style="text-align:center;"><span class="textGreyBanner">Get <strong>$35 of free products</strong> with your 1st online order.<br/> Promo code: <strong>NEW</strong>. Free shipping also available. </span></p></div><div align="center" class="colMetroB-m-12 colMetroB-ts-3 colMetroB-ws-3 colMetroB-d-3 GreyBannerAlign RedBannerPadFix Row3PadFix"><p class="typo--07" class="redBannerRow3"><span><a class="btn--red btnGreyBanner" data-ga-type="online-grocery" href="/en/online-grocery/autumn-promotion" title="Learn more">Learn more</a></span></p></div></div></div></div--><!-- DEBUT aLERTE ROUGE--><!--script> $(document).ready(function(){ var storeid=$('#myStoreLink,.ipDetection').attr('href').split('/')[3]; if ( storeid == 181) { $("#magasin-MONTREALalerteKIRK ").attr('style', 'display: none !important'); } else{ $("#magasin-MONTREALalerteKIRK ").attr('style', 'display: none !important'); } }); </script-->
              <div
                id="magasin-MONTREALalerteNOEL"
                style="display: none !important"
              >
                <div class="rowB" style="background-color: #000000">
                  <div class="col-containerB">
                    <div
                      align="center"
                      class="colMetroB-m-12 colMetroB-ts-3 colMetroB-ws-3 colMetroB-d-3 GreyBannerAlign Row1PadFix"
                    >
                      <!--p class="typo--06" class="redBannerRow1"><img src="/userfiles/image/icon/metro-panier-m-white-b.svg" style="width:30px; height:auto; margin:10px 15px 0 0;"><span class="GreyBannerAlign-title"></span></p-->
                    </div>
                    <div
                      align="center"
                      class="colMetroB-m-12 colMetroB-ts-6 colMetroB-ws-9 colMetroB-d-9 GreyBannerAlign Row2PadFix"
                    >
                      <p class="typo--07" style="text-align: center">
                        <span class="textGreyBanner"
                          >From November 29 to December 24,
                          <strong>receive a gift</strong> with every online
                          order!
                        </span>
                      </p>
                    </div>
                    <div
                      align="center"
                      class="colMetroB-m-12 colMetroB-ts-3 colMetroB-ws-3 colMetroB-d-3 GreyBannerAlign RedBannerPadFix Row3PadFix"
                    >
                      <p class="typo--07">
                        <span
                          ><a
                            class="btn--red btnGreyBanner"
                            data-ga-type="online-grocery"
                            href="https://www.metro.ca/en/online-grocery/special-holiday-offer"
                            title="Learn more"
                            >Learn more</a
                          ></span
                        >
                      </p>
                    </div>
                  </div>
                </div>
              </div>
              <!-- FIN aLERTE ROUGE-->
              <div style="line-height: 10px">&nbsp;</div>
            </div>
            <div>
              <style type="text/css">
                .theme-online-grocery .alert-ecom-not-ecomm {
                  display: none !important;
                }

                .theme-metro .alert-ecom-only {
                  display: none !important;
                }

                .alert-banner-qcon {
                  background-color: #000000;
                  padding: 20px;
                  text-align: center;
                  width: 100%;
                  max-width: 100%;
                  height: auto;
                  text-align: center;
                  display: none;
                }

                .alert-banner-qcon h3 {
                  text-align: center;
                  color: #ffffff;
                  display: block;
                  margin: 0 auto;
                  max-width: 1200px;
                  width: 90%;
                  padding: 0 2rem 0 2rem;
                  font-size: 1.8rem;
                }

                .alert-banner-qcon h3 a {
                  color: #fff;
                  font-weight: 800;
                  text-decoration: none;
                }

                .alert-banner-qcon h3 a:hover,
                .alert-banner-qcon h3 a:focus {
                  color: #fff !important;
                  font-weight: 800;
                  text-decoration: underline;
                }

                .activeAlertBanner {
                  display: block;
                }

                .notactiveAlertBanner {
                  display: none;
                }

                @media only screen and (max-width: 480px) {
                  .alert-banner-qcon h3 {
                    font-size: 1.3rem;
                    line-height: 24px;
                  }
                }
              </style>
              <script>
                var insertAlertBanner = $("#container header:first");

                $(".alert-ecom-only").insertAfter(insertAlertBanner);
                $(".alert-ecom-only").first().addClass("activeAlertBanner");

                //$('.alert-ecom-not-ecomm').insertAfter(insertAlertBanner );
                //$('.alert-ecom-not-ecomm').first().addClass('activeAlertBanner');
              </script>
            </div>
            <div>
              <style type="text/css">
                .theme-online-grocery .alert-ecom-not-ecomm {
                  display: none !important;
                }

                .theme-metro .alert-ecom-only {
                  display: none !important;
                }

                .alert-banner-qcon {
                  background-color: #000000;
                  padding: 20px;
                  text-align: center;
                  width: 100%;
                  max-width: 100%;
                  height: auto;
                  text-align: center;
                  display: none;
                }

                .alert-banner-qcon h3 {
                  text-align: center;
                  color: #ffffff;
                  display: block;
                  margin: 0 auto;
                  max-width: 1200px;
                  width: 90%;
                  padding: 0 2rem 0 2rem;
                  font-size: 1.8rem;
                }

                .alert-banner-qcon h3 a {
                  color: #fff;
                  font-weight: 800;
                  text-decoration: none;
                }

                .alert-banner-qcon h3 a:hover,
                .alert-banner-qcon h3 a:focus {
                  color: #fff !important;
                  font-weight: 800;
                  text-decoration: underline;
                }

                .activeAlertBanner {
                  display: block;
                }

                .notactiveAlertBanner {
                  display: none;
                }

                @media only screen and (max-width: 480px) {
                  .alert-banner-qcon h3 {
                    font-size: 1.3rem;
                    line-height: 24px;
                  }
                }
              </style>
              <script>
                var insertAlertBanner = $("#container header:first");

                $(".alert-ecom-only").insertAfter(insertAlertBanner);
                $(".alert-ecom-only").first().addClass("activeAlertBanner");

                //$('.alert-ecom-not-ecomm').insertAfter(insertAlertBanner );
                //$('.alert-ecom-not-ecomm').first().addClass('activeAlertBanner');
              </script>
            </div>
            <div>
              <!--<style>
* {
	box-sizing: border-box;
}
body {
	padding:0;
	margin:0;
	}
img {
image-rendering: -moz-crisp-edges;         /* Firefox */
image-rendering:   -o-crisp-edges;         /* Opera */
image-rendering: -webkit-optimize-contrast;/* Webkit (non-standard naming) */
image-rendering: crisp-edges;
-ms-interpolation-mode: nearest-neighbor;  /* IE (non-standard property) */
}

[class*="colMetro-"] {
	width: 100%;
	float: left;
	padding: 0;
}
.row::after {
	content: "";
	clear: both;
	display: table;
}
.row {
	max-width: 100%;
	margin: 0 auto;
	padding:10px;
}
.col-container {
	margin: 0 auto;
	}

	
.btnGreyBanner {
	padding: 0.95rem 2rem!important;
    font-size: 1.2rem!important;
	}
.textGreyBanner {
	font-size:16px;
	line-height:18px;
	}

/* GRID COL STARTS HERE */

.colMetro-m-1 {
	width: 8.33%;
}
.colMetro-m-2 {
	width: 16.66%;
}
.colMetro-m-3 {
	width: 25%;
}
.colMetro-m-4 {
	width: 33.33%;
}
.colMetro-m-5 {
	width: 41.66%;
}
.colMetro-m-6 {
	width: 50%;
}
.colMetro-m-7 {
	width: 58.33%;
}
.colMetro-m-8 {
	width: 66.66%;
}
.colMetro-m-9 {
	width: 75%;
}
.colMetro-m-10 {
	width: 83.33%;
}
.colMetro-m-11 {
	width: 91.66%;
}
.colMetro-m-12 {
	width: 100%;
}

@media only screen and (min-width: 630px) {
.colMetro-ts-1 {
	width: 8.33%;
}
.colMetro-ts-2 {
	width: 16.66%;
}
.colMetro-ts-3 {
	width: 25%;
}
.colMetro-ts-4 {
	width: 33.33%;
}
.colMetro-ts-5 {
	width: 41.66%;
}
.colMetro-ts-6 {
	width: 50%;
}
.colMetro-ts-7 {
	width: 58.33%;
}
.colMetro-ts-8 {
	width: 66.66%;
}
.colMetro-ts-9 {
	width: 75%;
}
.colMetro-ts-10 {
	width: 83.33%;
}
.colMetro-ts-11 {
	width: 91.66%;
}
.colMetro-ts-12 {
	width: 100%;
}
}

@media only screen and (min-width: 730px) {
.colMetro-t-1 {
	width: 8.33%;
}
.colMetro-t-2 {
	width: 16.66%;
}
.colMetro-t-3 {
	width: 25%;
}
.colMetro-t-4 {
	width: 33.33%;
}
.colMetro-t-5 {
	width: 41.66%;
}
.colMetro-t-6 {
	width: 50%;
}
.colMetro-t-7 {
	width: 58.33%;
}
.colMetro-t-8 {
	width: 66.66%;
}
.colMetro-t-9 {
	width: 75%;
}
.colMetro-t-10 {
	width: 83.33%;
}
.colMetro-t-11 {
	width: 91.66%;
}
.colMetro-t-12 {
	width: 100%;
}
}

@media only screen and (min-width: 980px) {
.colMetro-ws-1 {
	width: 8.33%;
}
.colMetro-ws-2 {
	width: 16.66%;
}
.colMetro-ws-3 {
	width: 25%;
}
.colMetro-ws-4 {
	width: 33.33%;
}
.colMetro-ws-5 {
	width: 41.66%;
}
.colMetro-ws-6 {
	width: 50%;
}
.colMetro-ws-7 {
	width: 58.33%;
}
.colMetro-ws-8 {
	width: 66.66%;
}
.colMetro-ws-9 {
	width: 75%;
}
.colMetro-ws-10 {
	width: 83.33%;
}
.colMetro-ws-11 {
	width: 91.66%;
}
.colMetro-ws-12 {
	width: 100%;
}
}

@media only screen and (min-width: 1200px) {
.colMetro-d-1 {
	width: 6.66%;
}
.colMetro-d-2 {
	width: 13.33%;
}
.colMetro-d-3 {
	width: 20%;
}
.colMetro-d-4 {
	width: 26.66%;
}
.colMetro-d-5 {
	width: 33.33%;
}
.colMetro-d-6 {
	width: 40%;
}
.colMetro-d-7 {
	width: 46.66%;
}
.colMetro-d-8 {
	width: 53.33%;
}
.colMetro-d-9 {
	width: 60%;
}
.colMetro-d-10 {
	width: 66.66%;
}
.colMetro-d-11 {
	width: 73.33%;
}
.colMetro-d-12 {
	width: 80%;
}
.colMetro-d-13 {
	width: 86.66%;
}
.colMetro-d-14 {
	width: 93.33%;
}
.colMetro-d-15 {
	width: 100%;
}
}

.GreyBannerAlign p {
	display:table;
	padding:5px 0;
	margin:0 10px;
	color:#fff!important;
	}
.GreyBannerAlign span {
	display:table-cell;
	vertical-align:middle;
	padding:0;
	}
.GreyBannerAlign-title {
	font-size:18px!important;
	}
@media only screen and (min-width: 980px) {
.row {
	padding: 10px 0;
	}
.col-container {
	max-width:900px;
	}
.GreyBannerAlign p {
	margin:0;
	height:40px;
	padding:0;
	}
.GreyBannerAlign span {
	padding:0;
	}
.GreyBannerAlign-title {
	font-size:22px!important;
	}
.btnGreyBanner {
	padding: 1.30rem 2rem 1.26rem 2rem!important;
    font-size: 1.5rem!important;
	}
.textGreyBanner {
	font-size:18px;
	line-height:22px;
	}
}
@media only screen and (min-width: 1200px) {
[class*="colMetro-"] {
	padding: 10px;
}
.row {
	padding: 0;
}
.col-container {
	max-width:1200px;
	}
}
</style><div class="row" style="background-color:#464646;"><div class="col-container"><div align="center" class="colMetro-m-12 colMetro-d-4 GreyBannerAlign"><p class="typo--06"><img src="/userfiles/image/icon/metro-panier-m-white-b.svg" style="width:40px; height:auto; margin-right:15px;"><span class="GreyBannerAlign-title">metro&amp;moi member?</span></p></div><div align="center" class="colMetro-m-12 colMetro-ws-9 colMetro-d-7 GreyBannerAlign"><p class="typo--07"><span class="textGreyBanner">Find all your favourite products bought in store and online.</span></p></div><div align="center" class="colMetro-m-12 colMetro-ws-3 colMetro-d-4 GreyBannerAlign"><p class="typo--07"><span><a data-ga-type="online-grocery" title="Shop your usuals" class="btn--red btnGreyBanner" href="/en/online-grocery/my-usuals">Shop your usuals</a></span></p></div></div></div> -->
            </div>
            <div>
              <div>
                <link
                  rel="stylesheet"
                  type="text/css"
                  href="./Deli &amp; Prepared Meals _ Metro_files/aisles-filter.css"
                />

                <script>
                  /*<![CDATA[*/
                  var isDidYouMeanTextSearch = false;
                  var productCouponsPageURL = "\/my-coupon\/en\/coupon\/{sku}";
                  var freeText = "";
                  var freeTextSearch = "";
                  /*]]>*/
                </script>

                <div class="layout--catalog">
                  <div role="main" class="main" id="content-temp">
                    <div class="grid--container">
                      <div class="lc--ad">
                        <div><div id="div-gpt-ad-1505250291480-0"></div></div>
                      </div>
                      <div class="flyerDisclaimer-container"></div>

                      <div class="mobile-only catalog-mobile-nav">
                        <div
                          data-feature="accordion-default"
                          class="accordion-default-is_initialized"
                        >
                          <div class="catalog-mobile-nav__btn">
                            <button
                              type="button"
                              class="catalog-mobile-nav__btn__arrow"
                              data-action="toggle-accordion"
                            >
                              <span class="invisible-text"
                                >Deli &amp; Prepared Meals</span
                              >
                            </button>
                            <h1 class="catalog-mobile-nav__btn__title">
                              Deli &amp; Prepared Meals
                            </h1>
                          </div>
                          <ul
                            class="catalog-mobile-nav__content"
                            data-accordion="content"
                            style="display: none"
                          >
                            <li>
                              <a
                                class="active"
                                href="https://www.metro.ca/en/online-grocery/aisles/deli-prepared-meals"
                                >Deli &amp; Prepared Meals</a
                              >
                            </li>

                            <li>
                              <a
                                href="https://www.metro.ca/en/online-grocery/aisles/fruits-vegetables"
                                >Fruits &amp; Vegetables</a
                              >
                            </li>

                            <li>
                              <a
                                href="https://www.metro.ca/en/online-grocery/aisles/dairy-eggs"
                                >Dairy &amp; Eggs</a
                              >
                            </li>

                            <li>
                              <a
                                href="https://www.metro.ca/en/online-grocery/aisles/pantry"
                                >Pantry</a
                              >
                            </li>

                            <li>
                              <a
                                href="https://www.metro.ca/en/online-grocery/aisles/cooked-meals"
                                >Cooked Meals</a
                              >
                            </li>

                            <li>
                              <a
                                href="https://www.metro.ca/en/online-grocery/aisles/value-pack"
                                >Value Pack</a
                              >
                            </li>

                            <li>
                              <a
                                href="https://www.metro.ca/en/online-grocery/aisles/beverages"
                                >Beverages</a
                              >
                            </li>

                            <li>
                              <a
                                href="https://www.metro.ca/en/online-grocery/aisles/beer-wine"
                                >Beer &amp; Wine</a
                              >
                            </li>

                            <li>
                              <a
                                href="https://www.metro.ca/en/online-grocery/aisles/meat-poultry"
                                >Meat &amp; Poultry</a
                              >
                            </li>

                            <li>
                              <a
                                href="https://www.metro.ca/en/online-grocery/aisles/vegan-vegetarian-food"
                                >Vegan &amp; Vegetarian Food</a
                              >
                            </li>

                            <li>
                              <a
                                href="https://www.metro.ca/en/online-grocery/aisles/organic-groceries"
                                >Organic Groceries</a
                              >
                            </li>

                            <li>
                              <a
                                href="https://www.metro.ca/en/online-grocery/aisles/snacks"
                                >Snacks</a
                              >
                            </li>

                            <li>
                              <a
                                href="https://www.metro.ca/en/online-grocery/aisles/frozen"
                                >Frozen</a
                              >
                            </li>

                            <li>
                              <a
                                href="https://www.metro.ca/en/online-grocery/aisles/bread-bakery-products"
                                >Bread &amp; Bakery Products</a
                              >
                            </li>

                            <li>
                              <a
                                href="https://www.metro.ca/en/online-grocery/aisles/fish-seafood"
                                >Fish &amp; Seafood</a
                              >
                            </li>

                            <li>
                              <a
                                href="https://www.metro.ca/en/online-grocery/aisles/world-cuisine"
                                >World Cuisine</a
                              >
                            </li>

                            <li>
                              <a
                                href="https://www.metro.ca/en/online-grocery/aisles/household-cleaning"
                                >Household &amp; Cleaning</a
                              >
                            </li>

                            <li>
                              <a
                                href="https://www.metro.ca/en/online-grocery/aisles/baby"
                                >Baby</a
                              >
                            </li>

                            <li>
                              <a
                                href="https://www.metro.ca/en/online-grocery/aisles/health-beauty"
                                >Health &amp; Beauty</a
                              >
                            </li>

                            <li>
                              <a
                                href="https://www.metro.ca/en/online-grocery/aisles/pet-care"
                                >Pet Care</a
                              >
                            </li>

                            <li>
                              <a
                                href="https://www.metro.ca/en/online-grocery/aisles/pharmacy"
                                >Pharmacy</a
                              >
                            </li>

                            <li>
                              <a
                                href="https://www.metro.ca/en/online-grocery/aisles/nature-s-signature"
                                >Nature's Signature</a
                              >
                            </li>

                            <li>
                              <a
                                href="https://www.metro.ca/en/online-grocery/aisles/lottery-tickets"
                                >Lottery Tickets</a
                              >
                            </li>

                            <li>
                              <a
                                href="https://www.metro.ca/en/online-grocery/aisles/magazines-books"
                                >Magazines &amp; Books</a
                              >
                            </li>

                            <li>
                              <a
                                href="https://www.metro.ca/en/online-grocery/aisles/unlimited-delivery"
                                >Unlimited Delivery</a
                              >
                            </li>
                          </ul>
                        </div>
                        <div class="catalog-mobile-nav__sub-items">
                          <ul>
                            <li>
                              <a
                                href="https://www.metro.ca/en/online-grocery/aisles/deli-prepared-meals/deli-meats"
                                >Deli Meats</a
                              >
                            </li>
                            <li>
                              <a
                                href="https://www.metro.ca/en/online-grocery/aisles/deli-prepared-meals/antipasto-dips-pates"
                                >Antipasto, Dips &amp; PÃ¢tÃ©s</a
                              >
                            </li>
                            <li>
                              <a
                                href="https://www.metro.ca/en/online-grocery/aisles/deli-prepared-meals/ready-meals-sides"
                                >Ready Meals &amp; Sides</a
                              >
                            </li>
                            <li>
                              <a
                                href="https://www.metro.ca/en/online-grocery/aisles/deli-prepared-meals/fresh-pizza-pasta-sauces"
                                >Fresh Pizza, Pasta &amp; Sauces</a
                              >
                            </li>
                            <li>
                              <a
                                href="https://www.metro.ca/en/online-grocery/aisles/deli-prepared-meals/platters"
                                >Platters</a
                              >
                            </li>
                          </ul>
                        </div>
                      </div>

                      <div class="layout--container">
                        <div class="layout--left">
                          <!-- LEFT MENU -->
                          <div class="left-menu mobile-hide">
                            <div class="lm--aisles-wrapper">
                              <button
                                type="button"
                                class="lm--btn-aisles openAisle"
                                aria-expanded="false"
                              >
                                <div>Shop by Category</div>
                              </button>

                              <div class="lm--aisles-container aisles">
                                <ul class="lm--sub-cat-list">
                                  <li class="lm--sub-cat-item">
                                    <a
                                      href="https://www.metro.ca/en/online-grocery/aisles/fruits-vegetables"
                                      >Fruits &amp; Vegetables</a
                                    >
                                  </li>
                                  <li class="lm--sub-cat-item">
                                    <a
                                      href="https://www.metro.ca/en/online-grocery/aisles/dairy-eggs"
                                      >Dairy &amp; Eggs</a
                                    >
                                  </li>
                                  <li class="lm--sub-cat-item">
                                    <a
                                      href="https://www.metro.ca/en/online-grocery/aisles/pantry"
                                      >Pantry</a
                                    >
                                  </li>
                                  <li class="lm--sub-cat-item">
                                    <a
                                      href="https://www.metro.ca/en/online-grocery/aisles/cooked-meals"
                                      >Cooked Meals</a
                                    >
                                  </li>
                                  <li class="lm--sub-cat-item">
                                    <a
                                      href="https://www.metro.ca/en/online-grocery/aisles/value-pack"
                                      >Value Pack</a
                                    >
                                  </li>
                                  <li class="lm--sub-cat-item">
                                    <a
                                      href="https://www.metro.ca/en/online-grocery/aisles/beverages"
                                      >Beverages</a
                                    >
                                  </li>
                                  <li class="lm--sub-cat-item">
                                    <a
                                      href="https://www.metro.ca/en/online-grocery/aisles/beer-wine"
                                      >Beer &amp; Wine</a
                                    >
                                  </li>
                                  <li class="lm--sub-cat-item">
                                    <a
                                      href="https://www.metro.ca/en/online-grocery/aisles/meat-poultry"
                                      >Meat &amp; Poultry</a
                                    >
                                  </li>
                                  <li class="lm--sub-cat-item">
                                    <a
                                      href="https://www.metro.ca/en/online-grocery/aisles/vegan-vegetarian-food"
                                      >Vegan &amp; Vegetarian Food</a
                                    >
                                  </li>
                                  <li class="lm--sub-cat-item">
                                    <a
                                      href="https://www.metro.ca/en/online-grocery/aisles/organic-groceries"
                                      >Organic Groceries</a
                                    >
                                  </li>
                                  <li class="lm--sub-cat-item">
                                    <a
                                      href="https://www.metro.ca/en/online-grocery/aisles/snacks"
                                      >Snacks</a
                                    >
                                  </li>
                                  <li class="lm--sub-cat-item">
                                    <a
                                      href="https://www.metro.ca/en/online-grocery/aisles/frozen"
                                      >Frozen</a
                                    >
                                  </li>
                                  <li class="lm--sub-cat-item">
                                    <a
                                      href="https://www.metro.ca/en/online-grocery/aisles/bread-bakery-products"
                                      >Bread &amp; Bakery Products</a
                                    >
                                  </li>
                                  <li class="lm--sub-cat-item">
                                    <a
                                      class="active"
                                      href="https://www.metro.ca/en/online-grocery/aisles/deli-prepared-meals"
                                      >Deli &amp; Prepared Meals</a
                                    >
                                  </li>
                                  <li class="lm--sub-cat-item">
                                    <a
                                      href="https://www.metro.ca/en/online-grocery/aisles/fish-seafood"
                                      >Fish &amp; Seafood</a
                                    >
                                  </li>
                                  <li class="lm--sub-cat-item">
                                    <a
                                      href="https://www.metro.ca/en/online-grocery/aisles/world-cuisine"
                                      >World Cuisine</a
                                    >
                                  </li>
                                  <li class="lm--sub-cat-item">
                                    <a
                                      href="https://www.metro.ca/en/online-grocery/aisles/household-cleaning"
                                      >Household &amp; Cleaning</a
                                    >
                                  </li>
                                  <li class="lm--sub-cat-item">
                                    <a
                                      href="https://www.metro.ca/en/online-grocery/aisles/baby"
                                      >Baby</a
                                    >
                                  </li>
                                  <li class="lm--sub-cat-item">
                                    <a
                                      href="https://www.metro.ca/en/online-grocery/aisles/health-beauty"
                                      >Health &amp; Beauty</a
                                    >
                                  </li>
                                  <li class="lm--sub-cat-item">
                                    <a
                                      href="https://www.metro.ca/en/online-grocery/aisles/pet-care"
                                      >Pet Care</a
                                    >
                                  </li>
                                  <li class="lm--sub-cat-item">
                                    <a
                                      href="https://www.metro.ca/en/online-grocery/aisles/pharmacy"
                                      >Pharmacy</a
                                    >
                                  </li>
                                  <li class="lm--sub-cat-item">
                                    <a
                                      href="https://www.metro.ca/en/online-grocery/aisles/nature-s-signature"
                                      >Nature's Signature</a
                                    >
                                  </li>
                                  <li class="lm--sub-cat-item">
                                    <a
                                      href="https://www.metro.ca/en/online-grocery/aisles/lottery-tickets"
                                      >Lottery Tickets</a
                                    >
                                  </li>
                                  <li class="lm--sub-cat-item">
                                    <a
                                      href="https://www.metro.ca/en/online-grocery/aisles/magazines-books"
                                      >Magazines &amp; Books</a
                                    >
                                  </li>
                                  <li class="lm--sub-cat-item">
                                    <a
                                      href="https://www.metro.ca/en/online-grocery/aisles/unlimited-delivery"
                                      >Unlimited Delivery</a
                                    >
                                  </li>
                                </ul>
                              </div>
                            </div>

                            <div class="typo--08 lm--aisles-title-category">
                              Deli &amp; Prepared Meals
                            </div>

                            <ul
                              class="dataLayer-sub-cat-container lm--sub-cat-list"
                            >
                              <li
                                class="lm--sub-cat-item accordion-default-is_initialized"
                                data-feature="accordion-default"
                              >
                                <button
                                  type="button"
                                  class="lm--sub-cat-item-toggle"
                                  data-action="toggle-accordion"
                                >
                                  <span class="collapse">â</span>
                                  <span class="expand">+</span>
                                </button>

                                <a
                                  href="https://www.metro.ca/en/online-grocery/aisles/deli-prepared-meals/deli-meats"
                                  >Deli Meats</a
                                >

                                <ul
                                  class="lm--sub-cat-list"
                                  data-accordion="content"
                                  style="display: none"
                                >
                                  <li class="lm--sub-cat-item">
                                    <a
                                      href="https://www.metro.ca/en/online-grocery/aisles/deli-prepared-meals/deli-meats/beef"
                                      >Beef</a
                                    >
                                  </li>
                                  <li class="lm--sub-cat-item">
                                    <a
                                      href="https://www.metro.ca/en/online-grocery/aisles/deli-prepared-meals/deli-meats/turkey-chicken"
                                      >Turkey &amp; Chicken</a
                                    >
                                  </li>
                                  <li class="lm--sub-cat-item">
                                    <a
                                      href="https://www.metro.ca/en/online-grocery/aisles/deli-prepared-meals/deli-meats/ham-pork"
                                      >Ham &amp; Pork</a
                                    >
                                  </li>
                                  <li class="lm--sub-cat-item">
                                    <a
                                      href="https://www.metro.ca/en/online-grocery/aisles/deli-prepared-meals/deli-meats/bologna-pastrami"
                                      >Bologna &amp; Pastrami</a
                                    >
                                  </li>
                                  <li class="lm--sub-cat-item">
                                    <a
                                      href="https://www.metro.ca/en/online-grocery/aisles/deli-prepared-meals/deli-meats/salami-pepperoni"
                                      >Salami &amp; Pepperoni</a
                                    >
                                  </li>
                                  <li class="lm--sub-cat-item">
                                    <a
                                      href="https://www.metro.ca/en/online-grocery/aisles/deli-prepared-meals/deli-meats/prosciutto-mortadella"
                                      >Prosciutto &amp; Mortadella</a
                                    >
                                  </li>
                                  <li class="lm--sub-cat-item">
                                    <a
                                      href="https://www.metro.ca/en/online-grocery/aisles/deli-prepared-meals/deli-meats/dry-sausages-smoked-meat"
                                      >Dry Sausages &amp; Smoked Meat</a
                                    >
                                  </li>
                                </ul>
                              </li>
                            </ul>

                            <ul
                              class="dataLayer-sub-cat-container lm--sub-cat-list"
                            >
                              <li
                                class="lm--sub-cat-item accordion-default-is_initialized"
                                data-feature="accordion-default"
                              >
                                <button
                                  type="button"
                                  class="lm--sub-cat-item-toggle"
                                  data-action="toggle-accordion"
                                >
                                  <span class="collapse">â</span>
                                  <span class="expand">+</span>
                                </button>

                                <a
                                  href="https://www.metro.ca/en/online-grocery/aisles/deli-prepared-meals/antipasto-dips-pates"
                                  >Antipasto, Dips &amp; PÃ¢tÃ©s</a
                                >

                                <ul
                                  class="lm--sub-cat-list"
                                  data-accordion="content"
                                  style="display: none"
                                >
                                  <li class="lm--sub-cat-item">
                                    <a
                                      href="https://www.metro.ca/en/online-grocery/aisles/deli-prepared-meals/antipasto-dips-pates/dips"
                                      >Dips</a
                                    >
                                  </li>
                                  <li class="lm--sub-cat-item">
                                    <a
                                      href="https://www.metro.ca/en/online-grocery/aisles/deli-prepared-meals/antipasto-dips-pates/hummus-spreads"
                                      >Hummus &amp; Spreads</a
                                    >
                                  </li>
                                  <li class="lm--sub-cat-item">
                                    <a
                                      href="https://www.metro.ca/en/online-grocery/aisles/deli-prepared-meals/antipasto-dips-pates/pate-cretons"
                                      >PÃ¢tÃ© &amp; Cretons</a
                                    >
                                  </li>
                                  <li class="lm--sub-cat-item">
                                    <a
                                      href="https://www.metro.ca/en/online-grocery/aisles/deli-prepared-meals/antipasto-dips-pates/olives-antipasto"
                                      >Olives &amp; Antipasto</a
                                    >
                                  </li>
                                </ul>
                              </li>
                            </ul>

                            <ul
                              class="dataLayer-sub-cat-container lm--sub-cat-list"
                            >
                              <li
                                class="lm--sub-cat-item accordion-default-is_initialized"
                                data-feature="accordion-default"
                              >
                                <button
                                  type="button"
                                  class="lm--sub-cat-item-toggle"
                                  data-action="toggle-accordion"
                                >
                                  <span class="collapse">â</span>
                                  <span class="expand">+</span>
                                </button>

                                <a
                                  href="https://www.metro.ca/en/online-grocery/aisles/deli-prepared-meals/ready-meals-sides"
                                  >Ready Meals &amp; Sides</a
                                >

                                <ul
                                  class="lm--sub-cat-list"
                                  data-accordion="content"
                                  style="display: none"
                                >
                                  <li class="lm--sub-cat-item">
                                    <a
                                      href="https://www.metro.ca/en/online-grocery/aisles/deli-prepared-meals/ready-meals-sides/appetizers-sides"
                                      >Appetizers &amp; Sides</a
                                    >
                                  </li>
                                  <li class="lm--sub-cat-item">
                                    <a
                                      href="https://www.metro.ca/en/online-grocery/aisles/deli-prepared-meals/ready-meals-sides/soups-stews"
                                      >Soups &amp; Stews</a
                                    >
                                  </li>
                                  <li class="lm--sub-cat-item">
                                    <a
                                      href="https://www.metro.ca/en/online-grocery/aisles/deli-prepared-meals/ready-meals-sides/meat-meals"
                                      >Meat Meals</a
                                    >
                                  </li>
                                  <li class="lm--sub-cat-item">
                                    <a
                                      href="https://www.metro.ca/en/online-grocery/aisles/deli-prepared-meals/ready-meals-sides/fish-seafood-meals"
                                      >Fish &amp; Seafood Meals</a
                                    >
                                  </li>
                                  <li class="lm--sub-cat-item">
                                    <a
                                      href="https://www.metro.ca/en/online-grocery/aisles/deli-prepared-meals/ready-meals-sides/noodle-pasta-rice-meals"
                                      >Noodle, Pasta &amp; Rice Meals</a
                                    >
                                  </li>
                                  <li class="lm--sub-cat-item">
                                    <a
                                      href="https://www.metro.ca/en/online-grocery/aisles/deli-prepared-meals/ready-meals-sides/salads"
                                      >Salads</a
                                    >
                                  </li>
                                  <li class="lm--sub-cat-item">
                                    <a
                                      href="https://www.metro.ca/en/online-grocery/aisles/deli-prepared-meals/ready-meals-sides/sandwiches-lunch-kits"
                                      >Sandwiches &amp; Lunch Kits</a
                                    >
                                  </li>
                                  <li class="lm--sub-cat-item">
                                    <a
                                      href="https://www.metro.ca/en/online-grocery/aisles/deli-prepared-meals/ready-meals-sides/quiche-savoury-pies"
                                      >Quiche &amp; Savoury Pies</a
                                    >
                                  </li>
                                  <li class="lm--sub-cat-item">
                                    <a
                                      href="https://www.metro.ca/en/online-grocery/aisles/deli-prepared-meals/ready-meals-sides/sushi"
                                      >Sushi</a
                                    >
                                  </li>
                                  <li class="lm--sub-cat-item">
                                    <a
                                      href="https://www.metro.ca/en/online-grocery/aisles/deli-prepared-meals/ready-meals-sides/desserts-snacks"
                                      >Desserts &amp; Snacks</a
                                    >
                                  </li>
                                  <li class="lm--sub-cat-item">
                                    <a
                                      href="https://www.metro.ca/en/online-grocery/aisles/deli-prepared-meals/ready-meals-sides/prepared-dietary-meals"
                                      >Prepared Dietary Meals</a
                                    >
                                  </li>
                                </ul>
                              </li>
                            </ul>

                            <ul
                              class="dataLayer-sub-cat-container lm--sub-cat-list"
                            >
                              <li
                                class="lm--sub-cat-item accordion-default-is_initialized"
                                data-feature="accordion-default"
                              >
                                <a
                                  href="https://www.metro.ca/en/online-grocery/aisles/deli-prepared-meals/fresh-pizza-pasta-sauces"
                                  >Fresh Pizza, Pasta &amp; Sauces</a
                                >

                                <ul
                                  class="lm--sub-cat-list"
                                  data-accordion="content"
                                  style="display: none"
                                ></ul>
                              </li>
                            </ul>

                            <ul
                              class="dataLayer-sub-cat-container lm--sub-cat-list"
                            >
                              <li
                                class="lm--sub-cat-item accordion-default-is_initialized"
                                data-feature="accordion-default"
                              >
                                <a
                                  href="https://www.metro.ca/en/online-grocery/aisles/deli-prepared-meals/platters"
                                  >Platters</a
                                >

                                <ul
                                  class="lm--sub-cat-list"
                                  data-accordion="content"
                                  style="display: none"
                                ></ul>
                              </li>
                            </ul>

                            <!-- FILTERS -->

                            <script>
                              /*<![CDATA[*/
                              var productSearchRefreshFiltersUrl =
                                "\/en\/online-grocery\/search\/filters";
                              var productSearchFilterUrl =
                                "\/en\/online-grocery\/search\/filter";
                              var fromEcomFlyerUniqueParam = "";
                              var searchId =
                                "fc5a4f26-4d37-4fa0-883e-ea4c1c680a8e";
                              /*]]>*/
                            </script>
                            <div class="products-filter--container">
                              <span
                                class="product-filter--progress-indicator"
                              ></span>
                              <form
                                action="https://www.metro.ca/en/online-grocery/aisles/deli-prepared-meals"
                                method="POST"
                              >
                                <input
                                  type="hidden"
                                  name="_csrf"
                                  value="2201c4ea-1339-4648-b550-f091ccd441e5"
                                />
                                <div class="product-filter--form-content">
                                  <div class="first-line" aria-live="polite">
                                    <span class="except-mobile"
                                      >Filter By:</span
                                    >

                                    <a
                                      class="removeAllFilters"
                                      href="https://www.metro.ca/en/online-grocery/aisles/deli-prepared-meals?sortOrder=popularity"
                                      role="link"
                                      aria-label="Clear all search filters"
                                      >Clear All</a
                                    >
                                    <span
                                      class="invisible-text"
                                      aria-hidden="true"
                                      >Filters have been removed.</span
                                    >

                                    <span class="mfb--number mobile-only">
                                      <span>Filter By:</span>
                                    </span>

                                    <button
                                      class="closeFilter mobile-filter-close-modal mobile-only"
                                      type="button"
                                      data-tab-close=".products-filter--container"
                                      data-tabs-type="products-filter-container"
                                    >
                                      <span class="invisible-text"
                                        >Closes the contextual modal
                                        window</span
                                      >

                                      <svg viewBox="0 0 20 20">
                                        <use
                                          xlink:href="#shared--small--icons--close"
                                        ></use>
                                      </svg>
                                    </button>
                                  </div>

                                  <div class="accordion">
                                    <div
                                      class="accordion--item"
                                      data-is="container-tabs"
                                    >
                                      <button
                                        class="accordion--btn is_active dishide-trigger-is_initialized"
                                        type="button"
                                        data-module="dishide"
                                        data-is="tab"
                                        data-display-tab=".accordion--text"
                                        data-animation-open="animation--expand"
                                        data-animation-close="animation--collapse"
                                        data-toggle="true"
                                        aria-expanded="true"
                                      >
                                        Aisles
                                      </button>

                                      <div
                                        class="accordion--text dishide-is_initialized dishide-target--active"
                                        aria-live="polite"
                                      >
                                        <label for="Aisles" class="hide"
                                          >Aisles Filters</label
                                        >
                                        <div class="checkbox-wrapper">
                                          <label>
                                            <input
                                              type="checkbox"
                                              class="cb-perso--organic"
                                              autocomplete="off"
                                              name="Aisles"
                                              id="Bread &amp; Bakery Products"
                                              value="%3Apopularity%3AfirstTopCategory%3A000012"
                                              data-custom="false"
                                            />
                                            <span class="checkbox--box"></span>

                                            <div class="checkbox--label">
                                              <span class="filter-name"
                                                >Bread &amp; Bakery
                                                Products</span
                                              >
                                              <span class="number">(4)</span>
                                            </div>
                                          </label>
                                        </div>
                                        <div class="checkbox-wrapper">
                                          <label>
                                            <input
                                              type="checkbox"
                                              class="cb-perso--organic"
                                              autocomplete="off"
                                              name="Aisles"
                                              id="Cooked Meals"
                                              value="%3Apopularity%3AfirstTopCategory%3A000025"
                                              data-custom="false"
                                            />
                                            <span class="checkbox--box"></span>

                                            <div class="checkbox--label">
                                              <span class="filter-name"
                                                >Cooked Meals</span
                                              >
                                              <span class="number">(13)</span>
                                            </div>
                                          </label>
                                        </div>
                                        <div class="checkbox-wrapper">
                                          <label>
                                            <input
                                              type="checkbox"
                                              class="cb-perso--organic"
                                              autocomplete="off"
                                              name="Aisles"
                                              id="Dairy &amp; Eggs"
                                              value="%3Apopularity%3AfirstTopCategory%3A000008"
                                              data-custom="false"
                                            />
                                            <span class="checkbox--box"></span>

                                            <div class="checkbox--label">
                                              <span class="filter-name"
                                                >Dairy &amp; Eggs</span
                                              >
                                              <span class="number">(8)</span>
                                            </div>
                                          </label>
                                        </div>
                                        <div class="checkbox-wrapper">
                                          <label>
                                            <input
                                              type="checkbox"
                                              class="cb-perso--organic"
                                              autocomplete="off"
                                              name="Aisles"
                                              id="Deli &amp; Prepared Meals"
                                              value="%3Apopularity%3AfirstTopCategory%3A000009"
                                              data-custom="false"
                                            />
                                            <span class="checkbox--box"></span>

                                            <div class="checkbox--label">
                                              <span class="filter-name"
                                                >Deli &amp; Prepared Meals</span
                                              >
                                              <span class="number">(862)</span>
                                            </div>
                                          </label>
                                        </div>
                                        <div class="checkbox-wrapper">
                                          <label>
                                            <input
                                              type="checkbox"
                                              class="cb-perso--organic"
                                              autocomplete="off"
                                              name="Aisles"
                                              id="Fish &amp; Seafood"
                                              value="%3Apopularity%3AfirstTopCategory%3A000007"
                                              data-custom="false"
                                            />
                                            <span class="checkbox--box"></span>

                                            <div class="checkbox--label">
                                              <span class="filter-name"
                                                >Fish &amp; Seafood</span
                                              >
                                              <span class="number">(25)</span>
                                            </div>
                                          </label>
                                        </div>

                                        <div
                                          class="js-extra-filters"
                                          data-load-more="Aisles"
                                          data-values-count="8"
                                          style="display: none"
                                        ></div>
                                        <button
                                          type="button"
                                          class="toggle-extra-filters js-show-more-filters"
                                          aria-expanded="false"
                                          data-load-count="100"
                                        >
                                          <span class="js-show-more-label"
                                            >Show
                                            <span class="js-next-count">8</span>
                                            More +</span
                                          >
                                          <span
                                            class="js-show-all-label"
                                            style="display: none"
                                            >Show
                                            <span class="js-next-count">8</span>
                                            More +</span
                                          >
                                          <span
                                            class="js-hide-all-label"
                                            style="display: none"
                                            >Show Less</span
                                          >
                                        </button>
                                      </div>
                                    </div>

                                    <div
                                      class="accordion--item"
                                      data-is="container-tabs"
                                    >
                                      <button
                                        class="accordion--btn is_active dishide-trigger-is_initialized"
                                        type="button"
                                        data-module="dishide"
                                        data-is="tab"
                                        data-display-tab=".accordion--text"
                                        data-animation-open="animation--expand"
                                        data-animation-close="animation--collapse"
                                        data-toggle="true"
                                        aria-expanded="true"
                                      >
                                        Brands
                                      </button>

                                      <div
                                        class="accordion--text dishide-is_initialized dishide-target--active"
                                        aria-live="polite"
                                      >
                                        <label for="Brands" class="hide"
                                          >Brands Filters</label
                                        >
                                        <div class="checkbox-wrapper">
                                          <label>
                                            <input
                                              type="checkbox"
                                              class="cb-perso--organic"
                                              autocomplete="off"
                                              name="Brands"
                                              id="Irresistibles"
                                              value="%3Apopularity%3Abrand%3AIrresistibles"
                                              data-custom="false"
                                            />
                                            <span class="checkbox--box"></span>

                                            <div class="checkbox--label">
                                              <span class="filter-name"
                                                >Irresistibles</span
                                              >
                                              <span class="number">(56)</span>
                                            </div>
                                          </label>
                                        </div>
                                        <div class="checkbox-wrapper">
                                          <label>
                                            <input
                                              type="checkbox"
                                              class="cb-perso--organic"
                                              autocomplete="off"
                                              name="Brands"
                                              id="Selection"
                                              value="%3Apopularity%3Abrand%3ASelection"
                                              data-custom="false"
                                            />
                                            <span class="checkbox--box"></span>

                                            <div class="checkbox--label">
                                              <span class="filter-name"
                                                >Selection</span
                                              >
                                              <span class="number">(45)</span>
                                            </div>
                                          </label>
                                        </div>
                                        <div class="checkbox-wrapper">
                                          <label>
                                            <input
                                              type="checkbox"
                                              class="cb-perso--organic"
                                              autocomplete="off"
                                              name="Brands"
                                              id="3 fois par jour"
                                              value="%3Apopularity%3Abrand%3A3+fois+par+jour"
                                              data-custom="false"
                                            />
                                            <span class="checkbox--box"></span>

                                            <div class="checkbox--label">
                                              <span class="filter-name"
                                                >3 fois par jour</span
                                              >
                                              <span class="number">(5)</span>
                                            </div>
                                          </label>
                                        </div>
                                        <div class="checkbox-wrapper">
                                          <label>
                                            <input
                                              type="checkbox"
                                              class="cb-perso--organic"
                                              autocomplete="off"
                                              name="Brands"
                                              id="Aki Sushi"
                                              value="%3Apopularity%3Abrand%3AAki+Sushi"
                                              data-custom="false"
                                            />
                                            <span class="checkbox--box"></span>

                                            <div class="checkbox--label">
                                              <span class="filter-name"
                                                >Aki Sushi</span
                                              >
                                              <span class="number">(1)</span>
                                            </div>
                                          </label>
                                        </div>
                                        <div class="checkbox-wrapper">
                                          <label>
                                            <input
                                              type="checkbox"
                                              class="cb-perso--organic"
                                              autocomplete="off"
                                              name="Brands"
                                              id="Al&#39;fez"
                                              value="%3Apopularity%3Abrand%3AAl%27fez"
                                              data-custom="false"
                                            />
                                            <span class="checkbox--box"></span>

                                            <div class="checkbox--label">
                                              <span class="filter-name"
                                                >Al'fez</span
                                              >
                                              <span class="number">(1)</span>
                                            </div>
                                          </label>
                                        </div>

                                        <div
                                          class="js-extra-filters"
                                          data-load-more="Brands"
                                          data-values-count="134"
                                          style="display: none"
                                        ></div>
                                        <button
                                          type="button"
                                          class="toggle-extra-filters js-show-more-filters"
                                          aria-expanded="false"
                                          data-load-count="100"
                                        >
                                          <span class="js-show-more-label"
                                            >Show
                                            <span class="js-next-count"
                                              >100</span
                                            >
                                            More +</span
                                          >
                                          <span
                                            class="js-show-all-label"
                                            style="display: none"
                                            >Show
                                            <span class="js-next-count"
                                              >134</span
                                            >
                                            More +</span
                                          >
                                          <span
                                            class="js-hide-all-label"
                                            style="display: none"
                                            >Show Less</span
                                          >
                                        </button>
                                      </div>
                                    </div>

                                    <div
                                      class="accordion--item"
                                      data-is="container-tabs"
                                    >
                                      <button
                                        class="accordion--btn is_active dishide-trigger-is_initialized"
                                        type="button"
                                        data-module="dishide"
                                        data-is="tab"
                                        data-display-tab=".accordion--text"
                                        data-animation-open="animation--expand"
                                        data-animation-close="animation--collapse"
                                        data-toggle="true"
                                        aria-expanded="true"
                                      >
                                        Deals
                                      </button>

                                      <div
                                        class="accordion--text dishide-is_initialized dishide-target--active"
                                        aria-live="polite"
                                      >
                                        <label for="Deals" class="hide"
                                          >Deals Filters</label
                                        >
                                        <div class="checkbox-wrapper">
                                          <label>
                                            <input
                                              type="checkbox"
                                              class="cb-perso--organic"
                                              autocomplete="off"
                                              name="Deals"
                                              id="Flyer &amp; Deals"
                                              value="%3Apopularity%3Adeal%3AFlyer+%26+Deals"
                                              data-custom="false"
                                            />
                                            <span class="checkbox--box"></span>

                                            <div class="checkbox--label">
                                              <span class="filter-name"
                                                >Flyer &amp; Deals</span
                                              >
                                              <span class="number">(102)</span>
                                            </div>
                                          </label>
                                        </div>
                                        <div class="checkbox-wrapper">
                                          <label>
                                            <input
                                              type="checkbox"
                                              class="cb-perso--organic"
                                              autocomplete="off"
                                              name="Deals"
                                              id="metro&amp;moi Promotions"
                                              value="%3Apopularity%3Adeal%3Ametro%26moi+Promotions"
                                              data-custom="false"
                                            />
                                            <span class="checkbox--box"></span>

                                            <div class="checkbox--label">
                                              <span class="filter-name"
                                                >metro&amp;moi Promotions</span
                                              >
                                              <span class="number">(44)</span>
                                            </div>
                                          </label>
                                        </div>
                                        <div class="checkbox-wrapper">
                                          <label>
                                            <input
                                              type="checkbox"
                                              class="cb-perso--organic"
                                              autocomplete="off"
                                              name="Deals"
                                              id="All Deals"
                                              value="%3Apopularity%3Adeal%3AAll+Deals"
                                              data-custom="false"
                                            />
                                            <span class="checkbox--box"></span>

                                            <div class="checkbox--label">
                                              <span class="filter-name"
                                                >All Deals</span
                                              >
                                              <span class="number">(260)</span>
                                            </div>
                                          </label>
                                        </div>
                                      </div>
                                    </div>

                                    <div
                                      class="accordion--item"
                                      data-is="container-tabs"
                                    >
                                      <button
                                        class="accordion--btn classification-filter is_active dishide-trigger-is_initialized"
                                        type="button"
                                        data-module="dishide"
                                        data-is="tab"
                                        data-display-tab=".accordion--text"
                                        data-animation-open="animation--expand"
                                        data-animation-close="animation--collapse"
                                        data-toggle="true"
                                        aria-expanded="true"
                                      >
                                        My Health My Choices
                                      </button>

                                      <div
                                        class="accordion--text dishide-is_initialized dishide-target--active"
                                        aria-live="polite"
                                      >
                                        <label
                                          for="My Health My Choices"
                                          class="hide"
                                          >My Health My Choices Filters</label
                                        >
                                        <div class="checkbox-wrapper">
                                          <label>
                                            <input
                                              type="checkbox"
                                              class="cb-perso--organic"
                                              autocomplete="off"
                                              name="My Health My Choices"
                                              id="Appetite focus"
                                              value="%3Apopularity%3AdietryQC%3AAppetite+focus"
                                              data-custom="false"
                                            />
                                            <span class="checkbox--box"></span>

                                            <div class="checkbox--label">
                                              <span class="filter-name"
                                                >Appetite focus</span
                                              >
                                              <span class="number">(10)</span>
                                            </div>
                                          </label>
                                        </div>
                                        <div class="checkbox-wrapper">
                                          <label>
                                            <input
                                              type="checkbox"
                                              class="cb-perso--organic"
                                              autocomplete="off"
                                              name="My Health My Choices"
                                              id="Canadian products"
                                              value="%3Apopularity%3AdietryQC%3ACanadian+products"
                                              data-custom="false"
                                            />
                                            <span class="checkbox--box"></span>

                                            <div class="tag--small">
                                              <svg
                                                xmlns="http://www.w3.org/2000/svg"
                                                id="a4be2d8a-ae7a-429d-a56e-f05a96bcd7b3"
                                                data-name="Layer 1"
                                                viewBox="0 0 139.83 139.83"
                                                class="injected-svg inject-me"
                                                data-src="/userfiles/image/products/classifications/svg/icon-produitdici_can.svg"
                                              >
                                                <circle
                                                  cx="69.91"
                                                  cy="69.91"
                                                  r="69.91"
                                                  fill="#c42126"
                                                ></circle>
                                                <path
                                                  d="M70.2,33.1a40.52,40.52,0,0,1,36.47,22.95l1.48-2.48A42.88,42.88,0,0,0,70.2,30.68h0A42.88,42.88,0,1,0,100.4,104l-2.14-1.33A40.44,40.44,0,1,1,70.2,33.1"
                                                  fill="#fff"
                                                ></path>
                                                <path
                                                  d="M118.87,66.73l-3.27,5.94-3.92,7.09-2.12-1.13L103,75.11l1.29,7.36,1,5.77-.37-.42-4.34-5-1.89,6.32-.37,1.26-5.46-1.22L87,87.91l1.51,5.78,1.76,6.69-1,.47L84,103.26l4.46,3.7,12.19,10.16-.8,2.52-1.68,5.29,5.52-.57c2.23-.23,4.35-.52,6.41-.81l3.76-.5,18.5-34.9-.38.42,1.16-5.75,1.47-7.33-6.68,3.36-2.15,1.08L122,72.74l-3.14-6ZM106.74,96.57Z"
                                                  fill="#c52128"
                                                ></path>
                                                <path
                                                  d="M135.77,93.4,135,90.61l-6.18,6.76c-.89,1.09-2.65,1.06-2.07-1.46l2.78-13.81L126,83.87c-1,.53-2,.61-2.51-.37l-4.73-9.07-4.94,8.95c-.56,1-1.54.87-2.52.31l-3.47-1.85,2.44,13.87c.52,2.54-1.24,2.52-2.1,1.41l-6-6.9-1,3.45a1.19,1.19,0,0,1-1.38.81l-7.71-1.72,1.94,7.4c.42,1.64.75,2.33-.47,2.75l-2.76,1.26,13.16,11a1.76,1.76,0,0,1,.58,1.82l-1.21,3.8c4.58-.47,8.69-1.22,13.27-1.65.41,0,1.08.64,1.07,1.1l0,.86A69.9,69.9,0,0,0,135.77,93.4Z"
                                                  fill="#f15b40"
                                                ></path>
                                                <path
                                                  d="M54.12,71.64h-6a2.87,2.87,0,0,0-2.94,2.94V90.43a2.88,2.88,0,0,0,2.94,2.94h6a10.78,10.78,0,0,0,4.45-.89,7.78,7.78,0,0,0,3.37-2.78,7.42,7.42,0,0,0,1.23-4.2v-6a7.42,7.42,0,0,0-1.23-4.2,7.81,7.81,0,0,0-3.36-2.78,10.86,10.86,0,0,0-4.46-.89Z"
                                                  fill="#c42126"
                                                ></path>
                                                <path
                                                  d="M66.31,71.64H62.77A3,3,0,0,0,59.85,74L58.7,78.79v.08a2.84,2.84,0,0,0,2.83,3.48h2.64A3,3,0,0,0,67,80.43l2-4.84.07-.16,0-.17,0-.19.07-.3v-.31a2.79,2.79,0,0,0-2.89-2.82Z"
                                                  fill="#c42126"
                                                ></path>
                                                <path
                                                  d="M71.39,71.64H67.8a2.88,2.88,0,0,0-2.94,2.94V90.43a2.88,2.88,0,0,0,2.94,2.94h3.59a2.88,2.88,0,0,0,2.94-2.94V74.58a2.87,2.87,0,0,0-2.94-2.94Z"
                                                  fill="#c42126"
                                                ></path>
                                                <path
                                                  d="M79.63,71.45a10,10,0,0,0-4.59,1,8.08,8.08,0,0,0-3.33,3.09,8.63,8.63,0,0,0-1.17,4.48V84.9a8.68,8.68,0,0,0,1.17,4.5A8,8,0,0,0,75,92.52a9.94,9.94,0,0,0,4.59,1,10.27,10.27,0,0,0,4.55-1,7.89,7.89,0,0,0,4.54-7.32v-.12A2.64,2.64,0,0,0,86,82.54l-.82,0,.84-.06h.1a2.78,2.78,0,0,0,2.64-2.73,8.05,8.05,0,0,0-1.21-4.36,8,8,0,0,0-3.34-2.93,10.39,10.39,0,0,0-4.54-1ZM80,83.23V81.9a2.61,2.61,0,0,0,1,.63,2.94,2.94,0,0,0-.53.27,2.71,2.71,0,0,0-.52.43Z"
                                                  fill="#c42126"
                                                ></path>
                                                <path
                                                  d="M91.39,71.64H87.8a2.87,2.87,0,0,0-2.94,2.94V90.43a2.88,2.88,0,0,0,2.94,2.94h3.59a2.88,2.88,0,0,0,2.94-2.94V74.58a2.88,2.88,0,0,0-2.94-2.94Z"
                                                  fill="#c42126"
                                                ></path>
                                                <path
                                                  d="M30.85,50.19a8.25,8.25,0,0,0-2.33.33H19.37l-.21,2.19,0,.17a12.62,12.62,0,0,1-.23,1.66L15,72.36l-.66,3h9.94l.42-1.89.91-4.11a7.81,7.81,0,0,0,3.11.6c5.92,0,9.9-4.59,9.9-11.43,0-4.88-3.17-8.29-7.72-8.29Z"
                                                  fill="#c42126"
                                                ></path>
                                                <path
                                                  d="M47.93,50.19a6.23,6.23,0,0,0-2,.33H37.29l-.23,2.17c-.13,1.23-.35,2.41-.56,3.49L34.29,66.66l-.62,2.92h9.87L44,67.66l1.39-6.55V61c0-.19.34-1.88,1.26-1.88.62,0,.75.07.77.09l2.92,2.29.93-3.6,1.12-4.33.52-2-1.94-.81a7.78,7.78,0,0,0-3-.54Z"
                                                  fill="#c42126"
                                                ></path>
                                                <path
                                                  d="M57.6,50.19C50.77,50.19,46,54.63,46,61c0,4.31,2.57,8.92,9.82,8.92S67.42,65.72,67.42,59c0-4.37-3-8.78-9.82-8.78Z"
                                                  fill="#c42126"
                                                ></path>
                                                <path
                                                  d="M87.82,44.27H78l-.39,1.95-.93,4.59a9.12,9.12,0,0,0-3.41-.62c-5.67,0-9.63,4.7-9.63,11.43,0,4.65,3.39,8.29,7.72,8.29A9.67,9.67,0,0,0,74,69.58h8.88l.21-2.19a18.14,18.14,0,0,1,.27-1.9l3.81-18.3.61-2.92Z"
                                                  fill="#c42126"
                                                ></path>
                                                <path
                                                  d="M103.87,50.52H94l-.4,1.92L92.2,59v.1a3.78,3.78,0,0,1-.56,1.48h0c0-.17.07-.34.1-.5l1.36-6.63.6-2.91H83.63l-.38,1.95L81.94,59.1a15.09,15.09,0,0,0-.43,3.47c0,4.32,2.81,7.34,6.85,7.34a9.67,9.67,0,0,0,2.58-.33h9.31l.23-2.16c.13-1.24.35-2.42.57-3.5l2.2-10.48.62-2.92Z"
                                                  fill="#c42126"
                                                ></path>
                                                <path
                                                  d="M113.4,44.6h-9.93l-.4,1.92-.77,3.6-.08.4h0l-.38,1.82-.15.71h0L98.86,66.67l-.6,2.91h9.92l.4-1.93,3-14.21.08-.39h0l.4-1.92.77-3.6.62-2.93Z"
                                                  fill="#c42126"
                                                ></path>
                                                <path
                                                  d="M123,45.12l-3.86,1-5.19,1.39-1.42.38-.32,1.44-.25,1.16H109l-.35,2-.6,3.43-.5,2.85h2.51l-.22,1a15.84,15.84,0,0,0-.49,3.42c0,4,2.72,6.63,6.93,6.63a22.43,22.43,0,0,0,3.43-.3l1.73-.27.29-1.73.54-3.24.7-4.14-3.66,1.36,0-.12.13-.65.44-2h3.65l.35-2,.6-3.44.5-2.84h-3.25l.33-1.5.86-3.9Z"
                                                  fill="#c42126"
                                                ></path>
                                                <path
                                                  d="M47.48,90.43V74.58a.4.4,0,0,1,.45-.46H54a8.44,8.44,0,0,1,3.44.67,5.31,5.31,0,0,1,2.31,1.89,5,5,0,0,1,.82,2.83v6a5,5,0,0,1-.82,2.82,5.26,5.26,0,0,1-2.31,1.9,8.44,8.44,0,0,1-3.44.67H47.93A.4.4,0,0,1,47.48,90.43ZM52.17,87h2a1.65,1.65,0,0,0,1.34-.64,2.57,2.57,0,0,0,.55-1.66V80.28a2.53,2.53,0,0,0-.52-1.67A1.74,1.74,0,0,0,54.14,78h-2a.17.17,0,0,0-.19.19v8.67A.17.17,0,0,0,52.17,87Z"
                                                  fill="#fff"
                                                ></path>
                                                <path
                                                  d="M66.59,74.46l0,.19-2,4.86a.52.52,0,0,1-.52.36H61.39a.47.47,0,0,1-.35-.13.41.41,0,0,1,0-.37l1.15-4.84a.47.47,0,0,1,.5-.41h3.54C66.45,74.12,66.59,74.23,66.59,74.46Z"
                                                  fill="#fff"
                                                ></path>
                                                <path
                                                  d="M67.21,90.43V74.58a.4.4,0,0,1,.46-.46h3.59a.41.41,0,0,1,.46.46V90.43a.41.41,0,0,1-.46.46H67.67A.41.41,0,0,1,67.21,90.43Z"
                                                  fill="#fff"
                                                ></path>
                                                <path
                                                  d="M76,90.31a5.55,5.55,0,0,1-2.33-2.17,6.24,6.24,0,0,1-.82-3.24V80.06a6.18,6.18,0,0,1,.82-3.21A5.64,5.64,0,0,1,76,74.7a7.48,7.48,0,0,1,3.46-.77,7.9,7.9,0,0,1,3.46.72,5.46,5.46,0,0,1,2.32,2,5.55,5.55,0,0,1,.83,3c0,.14-.15.23-.43.27l-3.6.24H82c-.23,0-.35,0-.35-.13v-.14A2.17,2.17,0,0,0,81,78.37a2.28,2.28,0,0,0-3.06,0,2.13,2.13,0,0,0-.58,1.57v5.15A2.07,2.07,0,0,0,78,86.63a2.28,2.28,0,0,0,3.06,0,2.11,2.11,0,0,0,.58-1.54.22.22,0,0,1,.13-.2.46.46,0,0,1,.34-.06l3.6.19c.28,0,.43,0,.43.12v.12a5.61,5.61,0,0,1-.83,3,5.52,5.52,0,0,1-2.32,2,7.9,7.9,0,0,1-3.46.73A7.48,7.48,0,0,1,76,90.31Z"
                                                  fill="#fff"
                                                ></path>
                                                <path
                                                  d="M87.21,90.43V74.58a.4.4,0,0,1,.45-.46h3.6a.4.4,0,0,1,.45.46V90.43a.4.4,0,0,1-.45.46h-3.6A.4.4,0,0,1,87.21,90.43Z"
                                                  fill="#fff"
                                                ></path>
                                                <path
                                                  d="M21.15,55.07a15.12,15.12,0,0,0,.29-2.13H26l-.38,2.27h.05a6.53,6.53,0,0,1,5.1-2.6c3.49,0,5.3,2.68,5.3,5.87,0,4.67-2.35,9-7.48,9A4.87,4.87,0,0,1,24,64.78l-1.81,8.11h-5Zm6.08,8.65c2.32,0,3.71-2.21,3.71-4.42,0-1.75-.79-2.92-2.35-2.92-2.32,0-3.71,2.57-3.71,4.45C24.88,62.27,25.59,63.72,27.23,63.72Z"
                                                  fill="#fff"
                                                ></path>
                                                <path
                                                  d="M43.9,52.94l-.54,2.92h0c.79-1.66,2.38-3.25,4.39-3.25a5.63,5.63,0,0,1,2.08.36l-1.12,4.34a3.42,3.42,0,0,0-2.26-.6c-2.08,0-3.31,1.8-3.66,3.9l-1.39,6.55H36.54l2.21-10.51c.24-1.22.46-2.43.6-3.71Z"
                                                  fill="#fff"
                                                ></path>
                                                <path
                                                  d="M55.7,67.49c-5.27,0-7.4-2.92-7.4-6.5,0-5,3.6-8.38,9.17-8.38,4.83,0,7.39,2.79,7.39,6.36C64.86,64.89,61,67.49,55.7,67.49Zm1.52-11.44c-2.37,0-3.84,2.57-3.84,4.83,0,1.91,1,3.19,2.67,3.17,2.29,0,3.74-1.91,3.74-5.13C59.79,57.44,59.13,56.05,57.22,56.05Z"
                                                  fill="#fff"
                                                ></path>
                                                <path
                                                  d="M76.46,64.89h0a5.7,5.7,0,0,1-5.16,2.6c-3,0-5.29-2.68-5.29-5.87,0-4.67,2.35-9,7.2-9,2.49,0,4.2,1.1,4.94,2.62h.06l1.72-8.54H84.7L80.88,65c-.16.85-.24,1.55-.3,2.13h-4.5Zm.63-5.62c0-1.42-.71-2.89-2.34-2.89-2.32,0-3.72,2.21-3.72,4.42,0,1.75.8,2.92,2.35,2.92C75.7,63.72,77.09,61.16,77.09,59.27Z"
                                                  fill="#fff"
                                                ></path>
                                                <path
                                                  d="M98.54,63.45c-.24,1.22-.46,2.43-.6,3.71H93.38l.39-2.32h-.06a6.74,6.74,0,0,1-5.48,2.65c-2.87,0-4.42-2.13-4.42-4.92a13.1,13.1,0,0,1,.38-3l1.31-6.63h5.07L89.21,59.6a11.16,11.16,0,0,0-.33,2.16,1.62,1.62,0,0,0,1.91,1.63c2.08,0,3.3-1.8,3.66-3.9l1.39-6.55h4.91Z"
                                                  fill="#fff"
                                                ></path>
                                                <path
                                                  d="M104.06,52.94h5l-2.94,14.22h-5ZM105.31,47h5l-.77,3.6h-5Z"
                                                  fill="#fff"
                                                ></path>
                                                <path
                                                  d="M110.93,52.94h2.81l.68-3,5.19-1.39-1,4.44H122l-.6,3.44h-3.58l-.84,4a13.16,13.16,0,0,0-.41,2.45,1.5,1.5,0,0,0,1.61,1.59,4.86,4.86,0,0,0,1.58-.41l-.54,3.24a19.24,19.24,0,0,1-3.06.28c-2.51,0-4.5-1.23-4.5-4.21a13.36,13.36,0,0,1,.44-2.92l.84-4h-2.62Z"
                                                  fill="#fff"
                                                ></path>
                                                <path
                                                  d="M135.77,93.4,135,90.61l-6.18,6.76c-.89,1.09-2.65,1.06-2.07-1.46l2.78-13.81L126,83.87c-1,.53-2,.61-2.51-.37l-4.73-9.07-4.94,8.95c-.56,1-1.54.87-2.52.31l-3.47-1.85,2.44,13.87c.52,2.54-1.24,2.52-2.1,1.41l-6-6.9-1,3.45a1.19,1.19,0,0,1-1.38.81l-7.71-1.72,1.94,7.4c.42,1.64.75,2.33-.47,2.75l-2.76,1.26,13.16,11a1.76,1.76,0,0,1,.58,1.82l-1.21,3.8c4.58-.47,8.69-1.22,13.27-1.65.41,0,1.08.64,1.07,1.1l0,.86A69.9,69.9,0,0,0,135.77,93.4Z"
                                                  fill="#fff"
                                                ></path>
                                              </svg>
                                            </div>
                                            <div class="checkbox--label">
                                              <span class="filter-name"
                                                >Canadian products</span
                                              >
                                              <span class="number">(58)</span>
                                            </div>
                                          </label>
                                        </div>
                                        <div class="checkbox-wrapper">
                                          <label>
                                            <input
                                              type="checkbox"
                                              class="cb-perso--organic"
                                              autocomplete="off"
                                              name="My Health My Choices"
                                              id="Cardio focus"
                                              value="%3Apopularity%3AdietryQC%3ACardio+focus"
                                              data-custom="false"
                                            />
                                            <span class="checkbox--box"></span>

                                            <div class="checkbox--label">
                                              <span class="filter-name"
                                                >Cardio focus</span
                                              >
                                              <span class="number">(34)</span>
                                            </div>
                                          </label>
                                        </div>
                                        <div class="checkbox-wrapper">
                                          <label>
                                            <input
                                              type="checkbox"
                                              class="cb-perso--organic"
                                              autocomplete="off"
                                              name="My Health My Choices"
                                              id="Digestion focus"
                                              value="%3Apopularity%3AdietryQC%3ADigestion+focus"
                                              data-custom="false"
                                            />
                                            <span class="checkbox--box"></span>

                                            <div class="checkbox--label">
                                              <span class="filter-name"
                                                >Digestion focus</span
                                              >
                                              <span class="number">(17)</span>
                                            </div>
                                          </label>
                                        </div>
                                        <div class="checkbox-wrapper">
                                          <label>
                                            <input
                                              type="checkbox"
                                              class="cb-perso--organic"
                                              autocomplete="off"
                                              name="My Health My Choices"
                                              id="Excellent Source of Iron"
                                              value="%3Apopularity%3AdietryQC%3AExcellent+Source+of+Iron"
                                              data-custom="false"
                                            />
                                            <span class="checkbox--box"></span>

                                            <div class="tag--small">
                                              <svg
                                                xmlns="http://www.w3.org/2000/svg"
                                                id="fb7e5dc9-ea88-48d5-ac03-2618be6143ef"
                                                data-name="b2f21165-7de4-4c79-b727-b3448a181a78"
                                                viewBox="0 0 57.02 47.89"
                                                class="injected-svg inject-me"
                                                data-src="/userfiles/image/products/classifications/svg/icon-riche-fer-source-en.svg"
                                              >
                                                <title>
                                                  icon-riche-fer-source-en
                                                </title>
                                                <path
                                                  d="M24.2,45.57a29.8,29.8,0,0,1-4.1-.4,22,22,0,0,1,6.64-43.5h0q.78.12,1.56.3a21.67,21.67,0,0,1,14.1,9.2,22,22,0,0,1-5.8,30.5h0A21.41,21.41,0,0,1,24.2,45.57Z"
                                                  transform="translate(0 0)"
                                                  fill="none"
                                                  stroke="#000"
                                                  stroke-miterlimit="10"
                                                  stroke-width="2.83"
                                                ></path>
                                                <path
                                                  d="M14.3,29.07c2.8.8,6.4,2,8.1,4.1a40,40,0,0,1,16.9-14c-8.7,7.6-13.1,11.7-16.8,21.2C21.6,37.07,16.7,30.17,14.3,29.07Z"
                                                  transform="translate(0 0)"
                                                  stroke="#000"
                                                  stroke-linecap="round"
                                                  stroke-linejoin="round"
                                                  stroke-width="2.5"
                                                  fill-rule="evenodd"
                                                ></path>
                                                <path
                                                  d="M37.8,47a7.5,7.5,0,1,1,7.5-7.5h0A7.5,7.5,0,0,1,37.8,47Z"
                                                  transform="translate(0 0)"
                                                  fill="#fff"
                                                  stroke="#000"
                                                  stroke-miterlimit="10"
                                                  stroke-width="1.84"
                                                ></path>
                                                <path
                                                  d="M37.9,43.87a.7.7,0,0,1-.8-.58.81.81,0,0,1,0-.22v-7.4a.8.8,0,0,1,.8-.8.9.9,0,0,1,.9.8v7.4a.81.81,0,0,1-.79.81Z"
                                                  transform="translate(0 0)"
                                                ></path>
                                                <path
                                                  d="M41.6,40.27H34.2a.85.85,0,0,1,0-1.7h7.4a.85.85,0,1,1,0,1.7Z"
                                                  transform="translate(0 0)"
                                                ></path>
                                                <path
                                                  d="M48.6,31.27a7.5,7.5,0,1,1,7.5-7.5A7.5,7.5,0,0,1,48.6,31.27Z"
                                                  transform="translate(0 0)"
                                                  fill="#fff"
                                                  stroke="#000"
                                                  stroke-miterlimit="10"
                                                  stroke-width="1.84"
                                                ></path>
                                                <path
                                                  d="M48.6,28.27a.9.9,0,0,1-.8-.9v-7.3a.85.85,0,0,1,1.7,0h0v7.3a.9.9,0,0,1-.9.9Z"
                                                  transform="translate(0 0)"
                                                ></path>
                                                <path
                                                  d="M52.3,24.57H45a.9.9,0,0,1-.9-.9h0a.9.9,0,0,1,.9-.8h7.3a.85.85,0,1,1,0,1.7Z"
                                                  transform="translate(0 0)"
                                                ></path>
                                                <g style="isolation: isolate">
                                                  <path
                                                    d="M9.49,19.23a.18.18,0,0,1,0-.1V11.49a.14.14,0,0,1,.14-.14H11.2a.15.15,0,0,1,.09,0,.13.13,0,0,1,0,.1v7.64a.13.13,0,0,1,0,.1.11.11,0,0,1-.09,0H9.59A.13.13,0,0,1,9.49,19.23Z"
                                                    transform="translate(0 0)"
                                                  ></path>
                                                  <path
                                                    d="M16.53,19.17l-1.33-3s0-.05-.07-.05h-.74a.05.05,0,0,0-.06.06v3a.14.14,0,0,1-.14.14h-1.6a.14.14,0,0,1-.14-.14V11.49a.13.13,0,0,1,0-.1.18.18,0,0,1,.1,0H16a2.67,2.67,0,0,1,1.31.31,2.12,2.12,0,0,1,.87.86,2.6,2.6,0,0,1,.32,1.29,2.29,2.29,0,0,1-.38,1.31,2,2,0,0,1-1,.8S17,16,17,16l1.49,3.11a.11.11,0,0,1,0,.07q0,.09-.12.09h-1.7A.16.16,0,0,1,16.53,19.17ZM14.33,13v1.6a.05.05,0,0,0,.06.06h1.25a1,1,0,0,0,.68-.23.88.88,0,0,0,0-1.25,1,1,0,0,0-.68-.24H14.39A.05.05,0,0,0,14.33,13Z"
                                                    transform="translate(0 0)"
                                                  ></path>
                                                  <path
                                                    d="M20.74,19a2.58,2.58,0,0,1-1.08-1,3,3,0,0,1-.39-1.55V14.18a2.94,2.94,0,0,1,.39-1.52,2.62,2.62,0,0,1,1.08-1,3.69,3.69,0,0,1,3.22,0,2.71,2.71,0,0,1,1.09,1,2.94,2.94,0,0,1,.39,1.52v2.26A3,3,0,0,1,25.05,18,2.67,2.67,0,0,1,24,19a3.78,3.78,0,0,1-3.22,0Zm2.48-1.59a1.29,1.29,0,0,0,.34-.94V14.16a1.25,1.25,0,0,0-.34-.93,1.23,1.23,0,0,0-1.74,0,1.29,1.29,0,0,0-.33.93V16.5a1.33,1.33,0,0,0,.33.94,1.26,1.26,0,0,0,1.74,0Z"
                                                    transform="translate(0 0)"
                                                  ></path>
                                                  <path
                                                    d="M31,11.39a.18.18,0,0,1,.09,0h1.61a.14.14,0,0,1,.14.14v7.64a.18.18,0,0,1,0,.1.13.13,0,0,1-.1,0H31.11a.15.15,0,0,1-.15-.09l-2.61-4.32a.05.05,0,0,0,0,0s0,0,0,.05v4.25a.18.18,0,0,1,0,.1.13.13,0,0,1-.1,0H26.55a.11.11,0,0,1-.09,0,.13.13,0,0,1,0-.1V11.49a.13.13,0,0,1,0-.1.15.15,0,0,1,.09,0H28.1a.16.16,0,0,1,.16.09l2.59,4.31s0,0,0,0,0,0,0,0V11.49A.13.13,0,0,1,31,11.39Z"
                                                    transform="translate(0 0)"
                                                  ></path>
                                                </g>
                                              </svg>
                                            </div>
                                            <div class="checkbox--label">
                                              <span class="filter-name"
                                                >Excellent Source of Iron</span
                                              >
                                              <span class="number">(12)</span>
                                            </div>
                                          </label>
                                        </div>

                                        <div
                                          class="js-extra-filters"
                                          data-load-more="My Health My Choices"
                                          data-values-count="16"
                                          style="display: none"
                                        ></div>
                                        <button
                                          type="button"
                                          class="toggle-extra-filters js-show-more-filters"
                                          aria-expanded="false"
                                          data-load-count="100"
                                        >
                                          <span class="js-show-more-label"
                                            >Show
                                            <span class="js-next-count"
                                              >16</span
                                            >
                                            More +</span
                                          >
                                          <span
                                            class="js-show-all-label"
                                            style="display: none"
                                            >Show
                                            <span class="js-next-count"
                                              >16</span
                                            >
                                            More +</span
                                          >
                                          <span
                                            class="js-hide-all-label"
                                            style="display: none"
                                            >Show Less</span
                                          >
                                        </button>
                                      </div>
                                    </div>

                                    <div
                                      class="accordion--item"
                                      data-is="container-tabs"
                                    >
                                      <button
                                        class="accordion--btn is_active dishide-trigger-is_initialized"
                                        type="button"
                                        data-module="dishide"
                                        data-is="tab"
                                        data-display-tab=".accordion--text"
                                        data-animation-open="animation--expand"
                                        data-animation-close="animation--collapse"
                                        data-toggle="true"
                                        aria-expanded="true"
                                      >
                                        Products
                                      </button>

                                      <div
                                        class="accordion--text dishide-is_initialized dishide-target--active"
                                        aria-live="polite"
                                      >
                                        <label for="Products" class="hide"
                                          >Products Filters</label
                                        >
                                        <div class="checkbox-wrapper">
                                          <label>
                                            <input
                                              type="checkbox"
                                              class="cb-perso--organic"
                                              autocomplete="off"
                                              name="Products"
                                              id="New"
                                              value="%3Apopularity%3Aexclusive%3ANew"
                                              data-custom="false"
                                            />
                                            <span class="checkbox--box"></span>

                                            <div class="checkbox--label">
                                              <span class="filter-name"
                                                >New</span
                                              >
                                              <span class="number">(1)</span>
                                            </div>
                                          </label>
                                        </div>
                                        <div class="checkbox-wrapper">
                                          <label>
                                            <input
                                              type="checkbox"
                                              class="cb-perso--organic"
                                              autocomplete="off"
                                              name="Products"
                                              id="Metro exclusive"
                                              value="%3Apopularity%3Aexclusive%3AMetro+exclusive"
                                              data-custom="false"
                                            />
                                            <span class="checkbox--box"></span>

                                            <div class="checkbox--label">
                                              <span class="filter-name"
                                                >Metro exclusive</span
                                              >
                                              <span class="number">(19)</span>
                                            </div>
                                          </label>
                                        </div>
                                      </div>
                                    </div>
                                  </div>

                                  <a
                                    class="mobile-only mobile-filter-sticky-btn applyFilters"
                                    href="https://www.metro.ca/en/online-grocery/aisles/deli-prepared-meals?sortOrder=popularity"
                                  >
                                    <div class="mfb--number">
                                      <span>Apply</span>
                                    </div>
                                  </a>
                                </div>
                              </form>
                            </div>

                            <!-- / FILTERS -->

                            <div
                              class="cta-back-to-top-wrapper is_active"
                              data-module="back-top"
                              style="padding-top: 20px"
                            >
                              <a
                                class="cta-back-to-top"
                                href="https://www.metro.ca/en/online-grocery/aisles/deli-prepared-meals?sortOrder=popularity#content"
                                data-module="link-internal"
                              >
                                <svg
                                  xmlns="http://www.w3.org/2000/svg"
                                  viewBox="0 0 24 13.4"
                                  class="injected-svg inject-me cbtt__icon"
                                  data-src="/images/shared/small/icons/up.svg"
                                >
                                  <g fill="#1d1d1b">
                                    <path
                                      d="M.18 11.52L10.69 1.06l.88-.88A.6.6 0 0 1 12 0a.61.61 0 0 1 .44.18l11.38 11.34A.61.61 0 0 1 24 12a.6.6 0 0 1-.18.43l-.85.84a.61.61 0 0 1-.87 0L12 3.16 1.89 13.22a.62.62 0 0 1-.87 0l-.85-.84a.61.61 0 0 1 0-.86z"
                                    ></path>
                                    <path
                                      d="M1 13.22a.62.62 0 0 0 .87 0L12 3.16l10.11 10.06a.61.61 0 0 0 .87 0l.85-.84A.6.6 0 0 0 24 12a.61.61 0 0 0-.18-.43L12.44.18A.61.61 0 0 0 12 0a.6.6 0 0 0-.43.18l-.88.88L.18 11.52a.61.61 0 0 0 0 .86z"
                                    ></path>
                                  </g>
                                </svg>
                                Top
                              </a>
                            </div>
                          </div>
                          <!-- / LEFT MENU -->
                        </div>

                        <div class="layout--right">
                          <div
                            class="alert--error"
                            id="errorBox"
                            style="display: none"
                          ></div>
                          <div class="product-filter-container">
                            <div class="products-tools">
                              <div class="pt--wrapper">
                                <div
                                  class="pt--left-col products-filter-mobile-menu"
                                >
                                  <div class="mobile-only">
                                    <div class="products-filter">
                                      <!-- For mobile only -->
                                      <div class="pf--filter-wrapper-mobile">
                                        <button
                                          type="button"
                                          class="pf--sv--btn-filter openFilter"
                                          data-module="dishide"
                                          data-display-tab=".products-filter--container"
                                          data-toggle="true"
                                          data-tabs-type="products-filter-container"
                                          data-only-breakpoint="mobile-size"
                                          data-animation-open="fade-in-bottom"
                                          data-animation-close="fade-out"
                                          data-event-onclose="navigate(false, &#39;&#39;, false, true);"
                                        >
                                          <span>filter</span>
                                        </button>
                                        <div
                                          class="product-filter-mobile-container"
                                        >
                                          <script>
                                            /*<![CDATA[*/
                                            var productSearchRefreshFiltersUrl =
                                              "\/en\/online-grocery\/search\/filters";
                                            var productSearchFilterUrl =
                                              "\/en\/online-grocery\/search\/filter";
                                            var fromEcomFlyerUniqueParam = "";
                                            var searchId =
                                              "fc5a4f26-4d37-4fa0-883e-ea4c1c680a8e";
                                            /*]]>*/
                                          </script>
                                          <div
                                            class="products-filter--container products-filter--container--mobile"
                                          >
                                            <span
                                              class="product-filter--progress-indicator"
                                            ></span>
                                            <form
                                              action="https://www.metro.ca/en/online-grocery/aisles/deli-prepared-meals"
                                              method="POST"
                                            >
                                              <input
                                                type="hidden"
                                                name="_csrf"
                                                value="2201c4ea-1339-4648-b550-f091ccd441e5"
                                              />
                                              <div
                                                class="product-filter--form-content"
                                              >
                                                <div
                                                  class="first-line"
                                                  aria-live="polite"
                                                >
                                                  <span class="except-mobile"
                                                    >Filter By:</span
                                                  >

                                                  <a
                                                    class="removeAllFilters"
                                                    href="https://www.metro.ca/en/online-grocery/aisles/deli-prepared-meals?sortOrder=popularity#"
                                                    role="link"
                                                    aria-label="Clear all search filters"
                                                    >Clear All</a
                                                  >
                                                  <span
                                                    class="invisible-text"
                                                    aria-hidden="true"
                                                    >Filters have been
                                                    removed.</span
                                                  >

                                                  <span
                                                    class="mfb--number mobile-only"
                                                  >
                                                    <span>Filter By:</span>
                                                  </span>

                                                  <button
                                                    class="closeFilter mobile-filter-close-modal mobile-only"
                                                    type="button"
                                                    data-tab-close=".products-filter--container"
                                                    data-tabs-type="products-filter-container"
                                                  >
                                                    <span class="invisible-text"
                                                      >Closes the contextual
                                                      modal window</span
                                                    >

                                                    <svg viewBox="0 0 20 20">
                                                      <use
                                                        xlink:href="#shared--small--icons--close"
                                                      ></use>
                                                    </svg>
                                                  </button>
                                                </div>

                                                <div class="accordion">
                                                  <div
                                                    class="accordion--item"
                                                    data-is="container-tabs"
                                                  >
                                                    <button
                                                      class="accordion--btn is_active dishide-trigger-is_initialized"
                                                      type="button"
                                                      data-module="dishide"
                                                      data-is="tab"
                                                      data-display-tab=".accordion--text"
                                                      data-animation-open="animation--expand"
                                                      data-animation-close="animation--collapse"
                                                      data-toggle="true"
                                                      aria-expanded="true"
                                                    >
                                                      Aisles
                                                    </button>

                                                    <div
                                                      class="accordion--text dishide-is_initialized dishide-target--active"
                                                      aria-live="polite"
                                                    >
                                                      <label
                                                        for="Aisles"
                                                        class="hide"
                                                        >Aisles Filters</label
                                                      >
                                                      <div
                                                        class="checkbox-wrapper"
                                                      >
                                                        <label>
                                                          <input
                                                            type="checkbox"
                                                            class="cb-perso--organic"
                                                            autocomplete="off"
                                                            name="Aisles"
                                                            id="mob-Bread &amp; Bakery Products"
                                                            value="%3Apopularity%3AfirstTopCategory%3A000012"
                                                            data-custom="false"
                                                          />
                                                          <span
                                                            class="checkbox--box checkbox--box--rounded"
                                                          ></span>

                                                          <div
                                                            class="checkbox--label"
                                                          >
                                                            <span
                                                              class="filter-name"
                                                              >Bread &amp;
                                                              Bakery
                                                              Products</span
                                                            >
                                                            <span class="number"
                                                              >(4)</span
                                                            >
                                                          </div>
                                                        </label>
                                                      </div>
                                                      <div
                                                        class="checkbox-wrapper"
                                                      >
                                                        <label>
                                                          <input
                                                            type="checkbox"
                                                            class="cb-perso--organic"
                                                            autocomplete="off"
                                                            name="Aisles"
                                                            id="mob-Cooked Meals"
                                                            value="%3Apopularity%3AfirstTopCategory%3A000025"
                                                            data-custom="false"
                                                          />
                                                          <span
                                                            class="checkbox--box checkbox--box--rounded"
                                                          ></span>

                                                          <div
                                                            class="checkbox--label"
                                                          >
                                                            <span
                                                              class="filter-name"
                                                              >Cooked
                                                              Meals</span
                                                            >
                                                            <span class="number"
                                                              >(13)</span
                                                            >
                                                          </div>
                                                        </label>
                                                      </div>
                                                      <div
                                                        class="checkbox-wrapper"
                                                      >
                                                        <label>
                                                          <input
                                                            type="checkbox"
                                                            class="cb-perso--organic"
                                                            autocomplete="off"
                                                            name="Aisles"
                                                            id="mob-Dairy &amp; Eggs"
                                                            value="%3Apopularity%3AfirstTopCategory%3A000008"
                                                            data-custom="false"
                                                          />
                                                          <span
                                                            class="checkbox--box checkbox--box--rounded"
                                                          ></span>

                                                          <div
                                                            class="checkbox--label"
                                                          >
                                                            <span
                                                              class="filter-name"
                                                              >Dairy &amp;
                                                              Eggs</span
                                                            >
                                                            <span class="number"
                                                              >(8)</span
                                                            >
                                                          </div>
                                                        </label>
                                                      </div>
                                                      <div
                                                        class="checkbox-wrapper"
                                                      >
                                                        <label>
                                                          <input
                                                            type="checkbox"
                                                            class="cb-perso--organic"
                                                            autocomplete="off"
                                                            name="Aisles"
                                                            id="mob-Deli &amp; Prepared Meals"
                                                            value="%3Apopularity%3AfirstTopCategory%3A000009"
                                                            data-custom="false"
                                                          />
                                                          <span
                                                            class="checkbox--box checkbox--box--rounded"
                                                          ></span>

                                                          <div
                                                            class="checkbox--label"
                                                          >
                                                            <span
                                                              class="filter-name"
                                                              >Deli &amp;
                                                              Prepared
                                                              Meals</span
                                                            >
                                                            <span class="number"
                                                              >(862)</span
                                                            >
                                                          </div>
                                                        </label>
                                                      </div>
                                                      <div
                                                        class="checkbox-wrapper"
                                                      >
                                                        <label>
                                                          <input
                                                            type="checkbox"
                                                            class="cb-perso--organic"
                                                            autocomplete="off"
                                                            name="Aisles"
                                                            id="mob-Fish &amp; Seafood"
                                                            value="%3Apopularity%3AfirstTopCategory%3A000007"
                                                            data-custom="false"
                                                          />
                                                          <span
                                                            class="checkbox--box checkbox--box--rounded"
                                                          ></span>

                                                          <div
                                                            class="checkbox--label"
                                                          >
                                                            <span
                                                              class="filter-name"
                                                              >Fish &amp;
                                                              Seafood</span
                                                            >
                                                            <span class="number"
                                                              >(25)</span
                                                            >
                                                          </div>
                                                        </label>
                                                      </div>

                                                      <div
                                                        class="js-extra-filters"
                                                        data-load-more="Aisles"
                                                        data-values-count="8"
                                                        style="display: none"
                                                      ></div>
                                                      <button
                                                        type="button"
                                                        class="toggle-extra-filters js-show-more-filters"
                                                        aria-expanded="false"
                                                        data-load-count="100"
                                                      >
                                                        <span
                                                          class="js-show-more-label"
                                                          >Show
                                                          <span
                                                            class="js-next-count"
                                                            >8</span
                                                          >
                                                          More +</span
                                                        >
                                                        <span
                                                          class="js-show-all-label"
                                                          style="display: none"
                                                          >Show
                                                          <span
                                                            class="js-next-count"
                                                            >8</span
                                                          >
                                                          More +</span
                                                        >
                                                        <span
                                                          class="js-hide-all-label"
                                                          style="display: none"
                                                          >Show Less</span
                                                        >
                                                      </button>
                                                    </div>
                                                  </div>

                                                  <div
                                                    class="accordion--item"
                                                    data-is="container-tabs"
                                                  >
                                                    <button
                                                      class="accordion--btn is_active dishide-trigger-is_initialized"
                                                      type="button"
                                                      data-module="dishide"
                                                      data-is="tab"
                                                      data-display-tab=".accordion--text"
                                                      data-animation-open="animation--expand"
                                                      data-animation-close="animation--collapse"
                                                      data-toggle="true"
                                                      aria-expanded="true"
                                                    >
                                                      Brands
                                                    </button>

                                                    <div
                                                      class="accordion--text dishide-is_initialized dishide-target--active"
                                                      aria-live="polite"
                                                    >
                                                      <label
                                                        for="Brands"
                                                        class="hide"
                                                        >Brands Filters</label
                                                      >
                                                      <div
                                                        class="checkbox-wrapper"
                                                      >
                                                        <label>
                                                          <input
                                                            type="checkbox"
                                                            class="cb-perso--organic"
                                                            autocomplete="off"
                                                            name="Brands"
                                                            id="mob-Irresistibles"
                                                            value="%3Apopularity%3Abrand%3AIrresistibles"
                                                            data-custom="false"
                                                          />
                                                          <span
                                                            class="checkbox--box"
                                                          ></span>

                                                          <div
                                                            class="checkbox--label"
                                                          >
                                                            <span
                                                              class="filter-name"
                                                              >Irresistibles</span
                                                            >
                                                            <span class="number"
                                                              >(56)</span
                                                            >
                                                          </div>
                                                        </label>
                                                      </div>
                                                      <div
                                                        class="checkbox-wrapper"
                                                      >
                                                        <label>
                                                          <input
                                                            type="checkbox"
                                                            class="cb-perso--organic"
                                                            autocomplete="off"
                                                            name="Brands"
                                                            id="mob-Selection"
                                                            value="%3Apopularity%3Abrand%3ASelection"
                                                            data-custom="false"
                                                          />
                                                          <span
                                                            class="checkbox--box"
                                                          ></span>

                                                          <div
                                                            class="checkbox--label"
                                                          >
                                                            <span
                                                              class="filter-name"
                                                              >Selection</span
                                                            >
                                                            <span class="number"
                                                              >(45)</span
                                                            >
                                                          </div>
                                                        </label>
                                                      </div>
                                                      <div
                                                        class="checkbox-wrapper"
                                                      >
                                                        <label>
                                                          <input
                                                            type="checkbox"
                                                            class="cb-perso--organic"
                                                            autocomplete="off"
                                                            name="Brands"
                                                            id="mob-3 fois par jour"
                                                            value="%3Apopularity%3Abrand%3A3+fois+par+jour"
                                                            data-custom="false"
                                                          />
                                                          <span
                                                            class="checkbox--box"
                                                          ></span>

                                                          <div
                                                            class="checkbox--label"
                                                          >
                                                            <span
                                                              class="filter-name"
                                                              >3 fois par
                                                              jour</span
                                                            >
                                                            <span class="number"
                                                              >(5)</span
                                                            >
                                                          </div>
                                                        </label>
                                                      </div>
                                                      <div
                                                        class="checkbox-wrapper"
                                                      >
                                                        <label>
                                                          <input
                                                            type="checkbox"
                                                            class="cb-perso--organic"
                                                            autocomplete="off"
                                                            name="Brands"
                                                            id="mob-Aki Sushi"
                                                            value="%3Apopularity%3Abrand%3AAki+Sushi"
                                                            data-custom="false"
                                                          />
                                                          <span
                                                            class="checkbox--box"
                                                          ></span>

                                                          <div
                                                            class="checkbox--label"
                                                          >
                                                            <span
                                                              class="filter-name"
                                                              >Aki Sushi</span
                                                            >
                                                            <span class="number"
                                                              >(1)</span
                                                            >
                                                          </div>
                                                        </label>
                                                      </div>
                                                      <div
                                                        class="checkbox-wrapper"
                                                      >
                                                        <label>
                                                          <input
                                                            type="checkbox"
                                                            class="cb-perso--organic"
                                                            autocomplete="off"
                                                            name="Brands"
                                                            id="mob-Al&#39;fez"
                                                            value="%3Apopularity%3Abrand%3AAl%27fez"
                                                            data-custom="false"
                                                          />
                                                          <span
                                                            class="checkbox--box"
                                                          ></span>

                                                          <div
                                                            class="checkbox--label"
                                                          >
                                                            <span
                                                              class="filter-name"
                                                              >Al'fez</span
                                                            >
                                                            <span class="number"
                                                              >(1)</span
                                                            >
                                                          </div>
                                                        </label>
                                                      </div>

                                                      <div
                                                        class="js-extra-filters"
                                                        data-load-more="Brands"
                                                        data-values-count="134"
                                                        style="display: none"
                                                      ></div>
                                                      <button
                                                        type="button"
                                                        class="toggle-extra-filters js-show-more-filters"
                                                        aria-expanded="false"
                                                        data-load-count="100"
                                                      >
                                                        <span
                                                          class="js-show-more-label"
                                                          >Show
                                                          <span
                                                            class="js-next-count"
                                                            >100</span
                                                          >
                                                          More +</span
                                                        >
                                                        <span
                                                          class="js-show-all-label"
                                                          style="display: none"
                                                          >Show
                                                          <span
                                                            class="js-next-count"
                                                            >134</span
                                                          >
                                                          More +</span
                                                        >
                                                        <span
                                                          class="js-hide-all-label"
                                                          style="display: none"
                                                          >Show Less</span
                                                        >
                                                      </button>
                                                    </div>
                                                  </div>

                                                  <div
                                                    class="accordion--item"
                                                    data-is="container-tabs"
                                                  >
                                                    <button
                                                      class="accordion--btn dishide-trigger-is_initialized"
                                                      type="button"
                                                      data-module="dishide"
                                                      data-is="tab"
                                                      data-display-tab=".accordion--text"
                                                      data-animation-open="animation--expand"
                                                      data-animation-close="animation--collapse"
                                                      data-toggle="true"
                                                      aria-expanded="false"
                                                    >
                                                      Deals
                                                    </button>

                                                    <div
                                                      class="accordion--text dishide-is_initialized dishide-target--inactive"
                                                      aria-live="polite"
                                                    >
                                                      <label
                                                        for="Deals"
                                                        class="hide"
                                                        >Deals Filters</label
                                                      >
                                                      <div
                                                        class="checkbox-wrapper"
                                                      >
                                                        <label>
                                                          <input
                                                            type="checkbox"
                                                            class="cb-perso--organic"
                                                            autocomplete="off"
                                                            name="Deals"
                                                            id="mob-Flyer &amp; Deals"
                                                            value="%3Apopularity%3Adeal%3AFlyer+%26+Deals"
                                                            data-custom="false"
                                                          />
                                                          <span
                                                            class="checkbox--box"
                                                          ></span>

                                                          <div
                                                            class="checkbox--label"
                                                          >
                                                            <span
                                                              class="filter-name"
                                                              >Flyer &amp;
                                                              Deals</span
                                                            >
                                                            <span class="number"
                                                              >(102)</span
                                                            >
                                                          </div>
                                                        </label>
                                                      </div>
                                                      <div
                                                        class="checkbox-wrapper"
                                                      >
                                                        <label>
                                                          <input
                                                            type="checkbox"
                                                            class="cb-perso--organic"
                                                            autocomplete="off"
                                                            name="Deals"
                                                            id="mob-metro&amp;moi Promotions"
                                                            value="%3Apopularity%3Adeal%3Ametro%26moi+Promotions"
                                                            data-custom="false"
                                                          />
                                                          <span
                                                            class="checkbox--box"
                                                          ></span>

                                                          <div
                                                            class="checkbox--label"
                                                          >
                                                            <span
                                                              class="filter-name"
                                                              >metro&amp;moi
                                                              Promotions</span
                                                            >
                                                            <span class="number"
                                                              >(44)</span
                                                            >
                                                          </div>
                                                        </label>
                                                      </div>
                                                      <div
                                                        class="checkbox-wrapper"
                                                      >
                                                        <label>
                                                          <input
                                                            type="checkbox"
                                                            class="cb-perso--organic"
                                                            autocomplete="off"
                                                            name="Deals"
                                                            id="mob-All Deals"
                                                            value="%3Apopularity%3Adeal%3AAll+Deals"
                                                            data-custom="false"
                                                          />
                                                          <span
                                                            class="checkbox--box"
                                                          ></span>

                                                          <div
                                                            class="checkbox--label"
                                                          >
                                                            <span
                                                              class="filter-name"
                                                              >All Deals</span
                                                            >
                                                            <span class="number"
                                                              >(260)</span
                                                            >
                                                          </div>
                                                        </label>
                                                      </div>
                                                    </div>
                                                  </div>

                                                  <div
                                                    class="accordion--item"
                                                    data-is="container-tabs"
                                                  >
                                                    <button
                                                      class="accordion--btn classification-filter dishide-trigger-is_initialized"
                                                      type="button"
                                                      data-module="dishide"
                                                      data-is="tab"
                                                      data-display-tab=".accordion--text"
                                                      data-animation-open="animation--expand"
                                                      data-animation-close="animation--collapse"
                                                      data-toggle="true"
                                                      aria-expanded="false"
                                                    >
                                                      My Health My Choices
                                                    </button>

                                                    <div
                                                      class="accordion--text dishide-is_initialized dishide-target--inactive"
                                                      aria-live="polite"
                                                    >
                                                      <label
                                                        for="My Health My Choices"
                                                        class="hide"
                                                        >My Health My Choices
                                                        Filters</label
                                                      >
                                                      <div
                                                        class="checkbox-wrapper"
                                                      >
                                                        <label>
                                                          <input
                                                            type="checkbox"
                                                            class="cb-perso--organic"
                                                            autocomplete="off"
                                                            name="My Health My Choices"
                                                            id="mob-Appetite focus"
                                                            value="%3Apopularity%3AdietryQC%3AAppetite+focus"
                                                            data-custom="false"
                                                          />
                                                          <span
                                                            class="checkbox--box"
                                                          ></span>

                                                          <div
                                                            class="checkbox--label"
                                                          >
                                                            <span
                                                              class="filter-name"
                                                              >Appetite
                                                              focus</span
                                                            >
                                                            <span class="number"
                                                              >(10)</span
                                                            >
                                                          </div>
                                                        </label>
                                                      </div>
                                                      <div
                                                        class="checkbox-wrapper"
                                                      >
                                                        <label>
                                                          <input
                                                            type="checkbox"
                                                            class="cb-perso--organic"
                                                            autocomplete="off"
                                                            name="My Health My Choices"
                                                            id="mob-Canadian products"
                                                            value="%3Apopularity%3AdietryQC%3ACanadian+products"
                                                            data-custom="false"
                                                          />
                                                          <span
                                                            class="checkbox--box"
                                                          ></span>

                                                          <div
                                                            class="tag--small"
                                                          >
                                                            <svg
                                                              xmlns="http://www.w3.org/2000/svg"
                                                              id="a4be2d8a-ae7a-429d-a56e-f05a96bcd7b3"
                                                              data-name="Layer 1"
                                                              viewBox="0 0 139.83 139.83"
                                                              class="injected-svg inject-me"
                                                              data-src="/userfiles/image/products/classifications/svg/icon-produitdici_can.svg"
                                                            >
                                                              <circle
                                                                cx="69.91"
                                                                cy="69.91"
                                                                r="69.91"
                                                                fill="#c42126"
                                                              ></circle>
                                                              <path
                                                                d="M70.2,33.1a40.52,40.52,0,0,1,36.47,22.95l1.48-2.48A42.88,42.88,0,0,0,70.2,30.68h0A42.88,42.88,0,1,0,100.4,104l-2.14-1.33A40.44,40.44,0,1,1,70.2,33.1"
                                                                fill="#fff"
                                                              ></path>
                                                              <path
                                                                d="M118.87,66.73l-3.27,5.94-3.92,7.09-2.12-1.13L103,75.11l1.29,7.36,1,5.77-.37-.42-4.34-5-1.89,6.32-.37,1.26-5.46-1.22L87,87.91l1.51,5.78,1.76,6.69-1,.47L84,103.26l4.46,3.7,12.19,10.16-.8,2.52-1.68,5.29,5.52-.57c2.23-.23,4.35-.52,6.41-.81l3.76-.5,18.5-34.9-.38.42,1.16-5.75,1.47-7.33-6.68,3.36-2.15,1.08L122,72.74l-3.14-6ZM106.74,96.57Z"
                                                                fill="#c52128"
                                                              ></path>
                                                              <path
                                                                d="M135.77,93.4,135,90.61l-6.18,6.76c-.89,1.09-2.65,1.06-2.07-1.46l2.78-13.81L126,83.87c-1,.53-2,.61-2.51-.37l-4.73-9.07-4.94,8.95c-.56,1-1.54.87-2.52.31l-3.47-1.85,2.44,13.87c.52,2.54-1.24,2.52-2.1,1.41l-6-6.9-1,3.45a1.19,1.19,0,0,1-1.38.81l-7.71-1.72,1.94,7.4c.42,1.64.75,2.33-.47,2.75l-2.76,1.26,13.16,11a1.76,1.76,0,0,1,.58,1.82l-1.21,3.8c4.58-.47,8.69-1.22,13.27-1.65.41,0,1.08.64,1.07,1.1l0,.86A69.9,69.9,0,0,0,135.77,93.4Z"
                                                                fill="#f15b40"
                                                              ></path>
                                                              <path
                                                                d="M54.12,71.64h-6a2.87,2.87,0,0,0-2.94,2.94V90.43a2.88,2.88,0,0,0,2.94,2.94h6a10.78,10.78,0,0,0,4.45-.89,7.78,7.78,0,0,0,3.37-2.78,7.42,7.42,0,0,0,1.23-4.2v-6a7.42,7.42,0,0,0-1.23-4.2,7.81,7.81,0,0,0-3.36-2.78,10.86,10.86,0,0,0-4.46-.89Z"
                                                                fill="#c42126"
                                                              ></path>
                                                              <path
                                                                d="M66.31,71.64H62.77A3,3,0,0,0,59.85,74L58.7,78.79v.08a2.84,2.84,0,0,0,2.83,3.48h2.64A3,3,0,0,0,67,80.43l2-4.84.07-.16,0-.17,0-.19.07-.3v-.31a2.79,2.79,0,0,0-2.89-2.82Z"
                                                                fill="#c42126"
                                                              ></path>
                                                              <path
                                                                d="M71.39,71.64H67.8a2.88,2.88,0,0,0-2.94,2.94V90.43a2.88,2.88,0,0,0,2.94,2.94h3.59a2.88,2.88,0,0,0,2.94-2.94V74.58a2.87,2.87,0,0,0-2.94-2.94Z"
                                                                fill="#c42126"
                                                              ></path>
                                                              <path
                                                                d="M79.63,71.45a10,10,0,0,0-4.59,1,8.08,8.08,0,0,0-3.33,3.09,8.63,8.63,0,0,0-1.17,4.48V84.9a8.68,8.68,0,0,0,1.17,4.5A8,8,0,0,0,75,92.52a9.94,9.94,0,0,0,4.59,1,10.27,10.27,0,0,0,4.55-1,7.89,7.89,0,0,0,4.54-7.32v-.12A2.64,2.64,0,0,0,86,82.54l-.82,0,.84-.06h.1a2.78,2.78,0,0,0,2.64-2.73,8.05,8.05,0,0,0-1.21-4.36,8,8,0,0,0-3.34-2.93,10.39,10.39,0,0,0-4.54-1ZM80,83.23V81.9a2.61,2.61,0,0,0,1,.63,2.94,2.94,0,0,0-.53.27,2.71,2.71,0,0,0-.52.43Z"
                                                                fill="#c42126"
                                                              ></path>
                                                              <path
                                                                d="M91.39,71.64H87.8a2.87,2.87,0,0,0-2.94,2.94V90.43a2.88,2.88,0,0,0,2.94,2.94h3.59a2.88,2.88,0,0,0,2.94-2.94V74.58a2.88,2.88,0,0,0-2.94-2.94Z"
                                                                fill="#c42126"
                                                              ></path>
                                                              <path
                                                                d="M30.85,50.19a8.25,8.25,0,0,0-2.33.33H19.37l-.21,2.19,0,.17a12.62,12.62,0,0,1-.23,1.66L15,72.36l-.66,3h9.94l.42-1.89.91-4.11a7.81,7.81,0,0,0,3.11.6c5.92,0,9.9-4.59,9.9-11.43,0-4.88-3.17-8.29-7.72-8.29Z"
                                                                fill="#c42126"
                                                              ></path>
                                                              <path
                                                                d="M47.93,50.19a6.23,6.23,0,0,0-2,.33H37.29l-.23,2.17c-.13,1.23-.35,2.41-.56,3.49L34.29,66.66l-.62,2.92h9.87L44,67.66l1.39-6.55V61c0-.19.34-1.88,1.26-1.88.62,0,.75.07.77.09l2.92,2.29.93-3.6,1.12-4.33.52-2-1.94-.81a7.78,7.78,0,0,0-3-.54Z"
                                                                fill="#c42126"
                                                              ></path>
                                                              <path
                                                                d="M57.6,50.19C50.77,50.19,46,54.63,46,61c0,4.31,2.57,8.92,9.82,8.92S67.42,65.72,67.42,59c0-4.37-3-8.78-9.82-8.78Z"
                                                                fill="#c42126"
                                                              ></path>
                                                              <path
                                                                d="M87.82,44.27H78l-.39,1.95-.93,4.59a9.12,9.12,0,0,0-3.41-.62c-5.67,0-9.63,4.7-9.63,11.43,0,4.65,3.39,8.29,7.72,8.29A9.67,9.67,0,0,0,74,69.58h8.88l.21-2.19a18.14,18.14,0,0,1,.27-1.9l3.81-18.3.61-2.92Z"
                                                                fill="#c42126"
                                                              ></path>
                                                              <path
                                                                d="M103.87,50.52H94l-.4,1.92L92.2,59v.1a3.78,3.78,0,0,1-.56,1.48h0c0-.17.07-.34.1-.5l1.36-6.63.6-2.91H83.63l-.38,1.95L81.94,59.1a15.09,15.09,0,0,0-.43,3.47c0,4.32,2.81,7.34,6.85,7.34a9.67,9.67,0,0,0,2.58-.33h9.31l.23-2.16c.13-1.24.35-2.42.57-3.5l2.2-10.48.62-2.92Z"
                                                                fill="#c42126"
                                                              ></path>
                                                              <path
                                                                d="M113.4,44.6h-9.93l-.4,1.92-.77,3.6-.08.4h0l-.38,1.82-.15.71h0L98.86,66.67l-.6,2.91h9.92l.4-1.93,3-14.21.08-.39h0l.4-1.92.77-3.6.62-2.93Z"
                                                                fill="#c42126"
                                                              ></path>
                                                              <path
                                                                d="M123,45.12l-3.86,1-5.19,1.39-1.42.38-.32,1.44-.25,1.16H109l-.35,2-.6,3.43-.5,2.85h2.51l-.22,1a15.84,15.84,0,0,0-.49,3.42c0,4,2.72,6.63,6.93,6.63a22.43,22.43,0,0,0,3.43-.3l1.73-.27.29-1.73.54-3.24.7-4.14-3.66,1.36,0-.12.13-.65.44-2h3.65l.35-2,.6-3.44.5-2.84h-3.25l.33-1.5.86-3.9Z"
                                                                fill="#c42126"
                                                              ></path>
                                                              <path
                                                                d="M47.48,90.43V74.58a.4.4,0,0,1,.45-.46H54a8.44,8.44,0,0,1,3.44.67,5.31,5.31,0,0,1,2.31,1.89,5,5,0,0,1,.82,2.83v6a5,5,0,0,1-.82,2.82,5.26,5.26,0,0,1-2.31,1.9,8.44,8.44,0,0,1-3.44.67H47.93A.4.4,0,0,1,47.48,90.43ZM52.17,87h2a1.65,1.65,0,0,0,1.34-.64,2.57,2.57,0,0,0,.55-1.66V80.28a2.53,2.53,0,0,0-.52-1.67A1.74,1.74,0,0,0,54.14,78h-2a.17.17,0,0,0-.19.19v8.67A.17.17,0,0,0,52.17,87Z"
                                                                fill="#fff"
                                                              ></path>
                                                              <path
                                                                d="M66.59,74.46l0,.19-2,4.86a.52.52,0,0,1-.52.36H61.39a.47.47,0,0,1-.35-.13.41.41,0,0,1,0-.37l1.15-4.84a.47.47,0,0,1,.5-.41h3.54C66.45,74.12,66.59,74.23,66.59,74.46Z"
                                                                fill="#fff"
                                                              ></path>
                                                              <path
                                                                d="M67.21,90.43V74.58a.4.4,0,0,1,.46-.46h3.59a.41.41,0,0,1,.46.46V90.43a.41.41,0,0,1-.46.46H67.67A.41.41,0,0,1,67.21,90.43Z"
                                                                fill="#fff"
                                                              ></path>
                                                              <path
                                                                d="M76,90.31a5.55,5.55,0,0,1-2.33-2.17,6.24,6.24,0,0,1-.82-3.24V80.06a6.18,6.18,0,0,1,.82-3.21A5.64,5.64,0,0,1,76,74.7a7.48,7.48,0,0,1,3.46-.77,7.9,7.9,0,0,1,3.46.72,5.46,5.46,0,0,1,2.32,2,5.55,5.55,0,0,1,.83,3c0,.14-.15.23-.43.27l-3.6.24H82c-.23,0-.35,0-.35-.13v-.14A2.17,2.17,0,0,0,81,78.37a2.28,2.28,0,0,0-3.06,0,2.13,2.13,0,0,0-.58,1.57v5.15A2.07,2.07,0,0,0,78,86.63a2.28,2.28,0,0,0,3.06,0,2.11,2.11,0,0,0,.58-1.54.22.22,0,0,1,.13-.2.46.46,0,0,1,.34-.06l3.6.19c.28,0,.43,0,.43.12v.12a5.61,5.61,0,0,1-.83,3,5.52,5.52,0,0,1-2.32,2,7.9,7.9,0,0,1-3.46.73A7.48,7.48,0,0,1,76,90.31Z"
                                                                fill="#fff"
                                                              ></path>
                                                              <path
                                                                d="M87.21,90.43V74.58a.4.4,0,0,1,.45-.46h3.6a.4.4,0,0,1,.45.46V90.43a.4.4,0,0,1-.45.46h-3.6A.4.4,0,0,1,87.21,90.43Z"
                                                                fill="#fff"
                                                              ></path>
                                                              <path
                                                                d="M21.15,55.07a15.12,15.12,0,0,0,.29-2.13H26l-.38,2.27h.05a6.53,6.53,0,0,1,5.1-2.6c3.49,0,5.3,2.68,5.3,5.87,0,4.67-2.35,9-7.48,9A4.87,4.87,0,0,1,24,64.78l-1.81,8.11h-5Zm6.08,8.65c2.32,0,3.71-2.21,3.71-4.42,0-1.75-.79-2.92-2.35-2.92-2.32,0-3.71,2.57-3.71,4.45C24.88,62.27,25.59,63.72,27.23,63.72Z"
                                                                fill="#fff"
                                                              ></path>
                                                              <path
                                                                d="M43.9,52.94l-.54,2.92h0c.79-1.66,2.38-3.25,4.39-3.25a5.63,5.63,0,0,1,2.08.36l-1.12,4.34a3.42,3.42,0,0,0-2.26-.6c-2.08,0-3.31,1.8-3.66,3.9l-1.39,6.55H36.54l2.21-10.51c.24-1.22.46-2.43.6-3.71Z"
                                                                fill="#fff"
                                                              ></path>
                                                              <path
                                                                d="M55.7,67.49c-5.27,0-7.4-2.92-7.4-6.5,0-5,3.6-8.38,9.17-8.38,4.83,0,7.39,2.79,7.39,6.36C64.86,64.89,61,67.49,55.7,67.49Zm1.52-11.44c-2.37,0-3.84,2.57-3.84,4.83,0,1.91,1,3.19,2.67,3.17,2.29,0,3.74-1.91,3.74-5.13C59.79,57.44,59.13,56.05,57.22,56.05Z"
                                                                fill="#fff"
                                                              ></path>
                                                              <path
                                                                d="M76.46,64.89h0a5.7,5.7,0,0,1-5.16,2.6c-3,0-5.29-2.68-5.29-5.87,0-4.67,2.35-9,7.2-9,2.49,0,4.2,1.1,4.94,2.62h.06l1.72-8.54H84.7L80.88,65c-.16.85-.24,1.55-.3,2.13h-4.5Zm.63-5.62c0-1.42-.71-2.89-2.34-2.89-2.32,0-3.72,2.21-3.72,4.42,0,1.75.8,2.92,2.35,2.92C75.7,63.72,77.09,61.16,77.09,59.27Z"
                                                                fill="#fff"
                                                              ></path>
                                                              <path
                                                                d="M98.54,63.45c-.24,1.22-.46,2.43-.6,3.71H93.38l.39-2.32h-.06a6.74,6.74,0,0,1-5.48,2.65c-2.87,0-4.42-2.13-4.42-4.92a13.1,13.1,0,0,1,.38-3l1.31-6.63h5.07L89.21,59.6a11.16,11.16,0,0,0-.33,2.16,1.62,1.62,0,0,0,1.91,1.63c2.08,0,3.3-1.8,3.66-3.9l1.39-6.55h4.91Z"
                                                                fill="#fff"
                                                              ></path>
                                                              <path
                                                                d="M104.06,52.94h5l-2.94,14.22h-5ZM105.31,47h5l-.77,3.6h-5Z"
                                                                fill="#fff"
                                                              ></path>
                                                              <path
                                                                d="M110.93,52.94h2.81l.68-3,5.19-1.39-1,4.44H122l-.6,3.44h-3.58l-.84,4a13.16,13.16,0,0,0-.41,2.45,1.5,1.5,0,0,0,1.61,1.59,4.86,4.86,0,0,0,1.58-.41l-.54,3.24a19.24,19.24,0,0,1-3.06.28c-2.51,0-4.5-1.23-4.5-4.21a13.36,13.36,0,0,1,.44-2.92l.84-4h-2.62Z"
                                                                fill="#fff"
                                                              ></path>
                                                              <path
                                                                d="M135.77,93.4,135,90.61l-6.18,6.76c-.89,1.09-2.65,1.06-2.07-1.46l2.78-13.81L126,83.87c-1,.53-2,.61-2.51-.37l-4.73-9.07-4.94,8.95c-.56,1-1.54.87-2.52.31l-3.47-1.85,2.44,13.87c.52,2.54-1.24,2.52-2.1,1.41l-6-6.9-1,3.45a1.19,1.19,0,0,1-1.38.81l-7.71-1.72,1.94,7.4c.42,1.64.75,2.33-.47,2.75l-2.76,1.26,13.16,11a1.76,1.76,0,0,1,.58,1.82l-1.21,3.8c4.58-.47,8.69-1.22,13.27-1.65.41,0,1.08.64,1.07,1.1l0,.86A69.9,69.9,0,0,0,135.77,93.4Z"
                                                                fill="#fff"
                                                              ></path>
                                                            </svg>
                                                          </div>
                                                          <div
                                                            class="checkbox--label"
                                                          >
                                                            <span
                                                              class="filter-name"
                                                              >Canadian
                                                              products</span
                                                            >
                                                            <span class="number"
                                                              >(58)</span
                                                            >
                                                          </div>
                                                        </label>
                                                      </div>
                                                      <div
                                                        class="checkbox-wrapper"
                                                      >
                                                        <label>
                                                          <input
                                                            type="checkbox"
                                                            class="cb-perso--organic"
                                                            autocomplete="off"
                                                            name="My Health My Choices"
                                                            id="mob-Cardio focus"
                                                            value="%3Apopularity%3AdietryQC%3ACardio+focus"
                                                            data-custom="false"
                                                          />
                                                          <span
                                                            class="checkbox--box"
                                                          ></span>

                                                          <div
                                                            class="checkbox--label"
                                                          >
                                                            <span
                                                              class="filter-name"
                                                              >Cardio
                                                              focus</span
                                                            >
                                                            <span class="number"
                                                              >(34)</span
                                                            >
                                                          </div>
                                                        </label>
                                                      </div>
                                                      <div
                                                        class="checkbox-wrapper"
                                                      >
                                                        <label>
                                                          <input
                                                            type="checkbox"
                                                            class="cb-perso--organic"
                                                            autocomplete="off"
                                                            name="My Health My Choices"
                                                            id="mob-Digestion focus"
                                                            value="%3Apopularity%3AdietryQC%3ADigestion+focus"
                                                            data-custom="false"
                                                          />
                                                          <span
                                                            class="checkbox--box"
                                                          ></span>

                                                          <div
                                                            class="checkbox--label"
                                                          >
                                                            <span
                                                              class="filter-name"
                                                              >Digestion
                                                              focus</span
                                                            >
                                                            <span class="number"
                                                              >(17)</span
                                                            >
                                                          </div>
                                                        </label>
                                                      </div>
                                                      <div
                                                        class="checkbox-wrapper"
                                                      >
                                                        <label>
                                                          <input
                                                            type="checkbox"
                                                            class="cb-perso--organic"
                                                            autocomplete="off"
                                                            name="My Health My Choices"
                                                            id="mob-Excellent Source of Iron"
                                                            value="%3Apopularity%3AdietryQC%3AExcellent+Source+of+Iron"
                                                            data-custom="false"
                                                          />
                                                          <span
                                                            class="checkbox--box"
                                                          ></span>

                                                          <div
                                                            class="tag--small"
                                                          >
                                                            <svg
                                                              xmlns="http://www.w3.org/2000/svg"
                                                              id="fb7e5dc9-ea88-48d5-ac03-2618be6143ef"
                                                              data-name="b2f21165-7de4-4c79-b727-b3448a181a78"
                                                              viewBox="0 0 57.02 47.89"
                                                              class="injected-svg inject-me"
                                                              data-src="/userfiles/image/products/classifications/svg/icon-riche-fer-source-en.svg"
                                                            >
                                                              <title>
                                                                icon-riche-fer-source-en
                                                              </title>
                                                              <path
                                                                d="M24.2,45.57a29.8,29.8,0,0,1-4.1-.4,22,22,0,0,1,6.64-43.5h0q.78.12,1.56.3a21.67,21.67,0,0,1,14.1,9.2,22,22,0,0,1-5.8,30.5h0A21.41,21.41,0,0,1,24.2,45.57Z"
                                                                transform="translate(0 0)"
                                                                fill="none"
                                                                stroke="#000"
                                                                stroke-miterlimit="10"
                                                                stroke-width="2.83"
                                                              ></path>
                                                              <path
                                                                d="M14.3,29.07c2.8.8,6.4,2,8.1,4.1a40,40,0,0,1,16.9-14c-8.7,7.6-13.1,11.7-16.8,21.2C21.6,37.07,16.7,30.17,14.3,29.07Z"
                                                                transform="translate(0 0)"
                                                                stroke="#000"
                                                                stroke-linecap="round"
                                                                stroke-linejoin="round"
                                                                stroke-width="2.5"
                                                                fill-rule="evenodd"
                                                              ></path>
                                                              <path
                                                                d="M37.8,47a7.5,7.5,0,1,1,7.5-7.5h0A7.5,7.5,0,0,1,37.8,47Z"
                                                                transform="translate(0 0)"
                                                                fill="#fff"
                                                                stroke="#000"
                                                                stroke-miterlimit="10"
                                                                stroke-width="1.84"
                                                              ></path>
                                                              <path
                                                                d="M37.9,43.87a.7.7,0,0,1-.8-.58.81.81,0,0,1,0-.22v-7.4a.8.8,0,0,1,.8-.8.9.9,0,0,1,.9.8v7.4a.81.81,0,0,1-.79.81Z"
                                                                transform="translate(0 0)"
                                                              ></path>
                                                              <path
                                                                d="M41.6,40.27H34.2a.85.85,0,0,1,0-1.7h7.4a.85.85,0,1,1,0,1.7Z"
                                                                transform="translate(0 0)"
                                                              ></path>
                                                              <path
                                                                d="M48.6,31.27a7.5,7.5,0,1,1,7.5-7.5A7.5,7.5,0,0,1,48.6,31.27Z"
                                                                transform="translate(0 0)"
                                                                fill="#fff"
                                                                stroke="#000"
                                                                stroke-miterlimit="10"
                                                                stroke-width="1.84"
                                                              ></path>
                                                              <path
                                                                d="M48.6,28.27a.9.9,0,0,1-.8-.9v-7.3a.85.85,0,0,1,1.7,0h0v7.3a.9.9,0,0,1-.9.9Z"
                                                                transform="translate(0 0)"
                                                              ></path>
                                                              <path
                                                                d="M52.3,24.57H45a.9.9,0,0,1-.9-.9h0a.9.9,0,0,1,.9-.8h7.3a.85.85,0,1,1,0,1.7Z"
                                                                transform="translate(0 0)"
                                                              ></path>
                                                              <g
                                                                style="
                                                                  isolation: isolate;
                                                                "
                                                              >
                                                                <path
                                                                  d="M9.49,19.23a.18.18,0,0,1,0-.1V11.49a.14.14,0,0,1,.14-.14H11.2a.15.15,0,0,1,.09,0,.13.13,0,0,1,0,.1v7.64a.13.13,0,0,1,0,.1.11.11,0,0,1-.09,0H9.59A.13.13,0,0,1,9.49,19.23Z"
                                                                  transform="translate(0 0)"
                                                                ></path>
                                                                <path
                                                                  d="M16.53,19.17l-1.33-3s0-.05-.07-.05h-.74a.05.05,0,0,0-.06.06v3a.14.14,0,0,1-.14.14h-1.6a.14.14,0,0,1-.14-.14V11.49a.13.13,0,0,1,0-.1.18.18,0,0,1,.1,0H16a2.67,2.67,0,0,1,1.31.31,2.12,2.12,0,0,1,.87.86,2.6,2.6,0,0,1,.32,1.29,2.29,2.29,0,0,1-.38,1.31,2,2,0,0,1-1,.8S17,16,17,16l1.49,3.11a.11.11,0,0,1,0,.07q0,.09-.12.09h-1.7A.16.16,0,0,1,16.53,19.17ZM14.33,13v1.6a.05.05,0,0,0,.06.06h1.25a1,1,0,0,0,.68-.23.88.88,0,0,0,0-1.25,1,1,0,0,0-.68-.24H14.39A.05.05,0,0,0,14.33,13Z"
                                                                  transform="translate(0 0)"
                                                                ></path>
                                                                <path
                                                                  d="M20.74,19a2.58,2.58,0,0,1-1.08-1,3,3,0,0,1-.39-1.55V14.18a2.94,2.94,0,0,1,.39-1.52,2.62,2.62,0,0,1,1.08-1,3.69,3.69,0,0,1,3.22,0,2.71,2.71,0,0,1,1.09,1,2.94,2.94,0,0,1,.39,1.52v2.26A3,3,0,0,1,25.05,18,2.67,2.67,0,0,1,24,19a3.78,3.78,0,0,1-3.22,0Zm2.48-1.59a1.29,1.29,0,0,0,.34-.94V14.16a1.25,1.25,0,0,0-.34-.93,1.23,1.23,0,0,0-1.74,0,1.29,1.29,0,0,0-.33.93V16.5a1.33,1.33,0,0,0,.33.94,1.26,1.26,0,0,0,1.74,0Z"
                                                                  transform="translate(0 0)"
                                                                ></path>
                                                                <path
                                                                  d="M31,11.39a.18.18,0,0,1,.09,0h1.61a.14.14,0,0,1,.14.14v7.64a.18.18,0,0,1,0,.1.13.13,0,0,1-.1,0H31.11a.15.15,0,0,1-.15-.09l-2.61-4.32a.05.05,0,0,0,0,0s0,0,0,.05v4.25a.18.18,0,0,1,0,.1.13.13,0,0,1-.1,0H26.55a.11.11,0,0,1-.09,0,.13.13,0,0,1,0-.1V11.49a.13.13,0,0,1,0-.1.15.15,0,0,1,.09,0H28.1a.16.16,0,0,1,.16.09l2.59,4.31s0,0,0,0,0,0,0,0V11.49A.13.13,0,0,1,31,11.39Z"
                                                                  transform="translate(0 0)"
                                                                ></path>
                                                              </g>
                                                            </svg>
                                                          </div>
                                                          <div
                                                            class="checkbox--label"
                                                          >
                                                            <span
                                                              class="filter-name"
                                                              >Excellent Source
                                                              of Iron</span
                                                            >
                                                            <span class="number"
                                                              >(12)</span
                                                            >
                                                          </div>
                                                        </label>
                                                      </div>

                                                      <div
                                                        class="js-extra-filters"
                                                        data-load-more="My Health My Choices"
                                                        data-values-count="16"
                                                        style="display: none"
                                                      ></div>
                                                      <button
                                                        type="button"
                                                        class="toggle-extra-filters js-show-more-filters"
                                                        aria-expanded="false"
                                                        data-load-count="100"
                                                      >
                                                        <span
                                                          class="js-show-more-label"
                                                          >Show
                                                          <span
                                                            class="js-next-count"
                                                            >16</span
                                                          >
                                                          More +</span
                                                        >
                                                        <span
                                                          class="js-show-all-label"
                                                          style="display: none"
                                                          >Show
                                                          <span
                                                            class="js-next-count"
                                                            >16</span
                                                          >
                                                          More +</span
                                                        >
                                                        <span
                                                          class="js-hide-all-label"
                                                          style="display: none"
                                                          >Show Less</span
                                                        >
                                                      </button>
                                                    </div>
                                                  </div>

                                                  <div
                                                    class="accordion--item"
                                                    data-is="container-tabs"
                                                  >
                                                    <button
                                                      class="accordion--btn dishide-trigger-is_initialized"
                                                      type="button"
                                                      data-module="dishide"
                                                      data-is="tab"
                                                      data-display-tab=".accordion--text"
                                                      data-animation-open="animation--expand"
                                                      data-animation-close="animation--collapse"
                                                      data-toggle="true"
                                                      aria-expanded="false"
                                                    >
                                                      Products
                                                    </button>

                                                    <div
                                                      class="accordion--text dishide-is_initialized dishide-target--inactive"
                                                      aria-live="polite"
                                                    >
                                                      <label
                                                        for="Products"
                                                        class="hide"
                                                        >Products Filters</label
                                                      >
                                                      <div
                                                        class="checkbox-wrapper"
                                                      >
                                                        <label>
                                                          <input
                                                            type="checkbox"
                                                            class="cb-perso--organic"
                                                            autocomplete="off"
                                                            name="Products"
                                                            id="mob-New"
                                                            value="%3Apopularity%3Aexclusive%3ANew"
                                                            data-custom="false"
                                                          />
                                                          <span
                                                            class="checkbox--box"
                                                          ></span>

                                                          <div
                                                            class="checkbox--label"
                                                          >
                                                            <span
                                                              class="filter-name"
                                                              >New</span
                                                            >
                                                            <span class="number"
                                                              >(1)</span
                                                            >
                                                          </div>
                                                        </label>
                                                      </div>
                                                      <div
                                                        class="checkbox-wrapper"
                                                      >
                                                        <label>
                                                          <input
                                                            type="checkbox"
                                                            class="cb-perso--organic"
                                                            autocomplete="off"
                                                            name="Products"
                                                            id="mob-Metro exclusive"
                                                            value="%3Apopularity%3Aexclusive%3AMetro+exclusive"
                                                            data-custom="false"
                                                          />
                                                          <span
                                                            class="checkbox--box"
                                                          ></span>

                                                          <div
                                                            class="checkbox--label"
                                                          >
                                                            <span
                                                              class="filter-name"
                                                              >Metro
                                                              exclusive</span
                                                            >
                                                            <span class="number"
                                                              >(19)</span
                                                            >
                                                          </div>
                                                        </label>
                                                      </div>
                                                    </div>
                                                  </div>
                                                </div>

                                                <a
                                                  class="mobile-only mobile-filter-sticky-btn applyFilters"
                                                  href="https://www.metro.ca/en/online-grocery/aisles/deli-prepared-meals?sortOrder=popularity"
                                                >
                                                  <div class="mfb--number">
                                                    <span>Apply</span>
                                                  </div>
                                                </a>
                                              </div>
                                            </form>
                                          </div>
                                        </div>
                                      </div>
                                    </div>
                                  </div>

                                  <!-- SORT CRITERIA -->
                                  <div class="pt--sort">
                                    <span class="pt--sorting-title"
                                      >Sort by</span
                                    >
                                    <div class="products-sort">
                                      <button
                                        type="button"
                                        class="ps--btn-prices openPrice"
                                        aria-expanded="false"
                                      >
                                        <span>Popularity</span>
                                      </button>
                                      <div class="ps--sorting-container">
                                        <ul class="ps--sorting-items">
                                          <li class="ps--sorting-item">
                                            <a
                                              href="https://www.metro.ca/en/online-grocery/aisles/deli-prepared-meals?sortOrder=relevance"
                                              >Relevance</a
                                            >
                                          </li>
                                          <li class="ps--sorting-item">
                                            <a
                                              href="https://www.metro.ca/en/online-grocery/aisles/deli-prepared-meals?sortOrder=name-asc"
                                              >Product (A-Z)</a
                                            >
                                          </li>
                                          <li class="ps--sorting-item">
                                            <a
                                              href="https://www.metro.ca/en/online-grocery/aisles/deli-prepared-meals?sortOrder=name-desc"
                                              >Product (Z-A)</a
                                            >
                                          </li>
                                          <li class="ps--sorting-item">
                                            <a
                                              href="https://www.metro.ca/en/online-grocery/aisles/deli-prepared-meals?sortOrder=price-asc"
                                              >Price (low to high)</a
                                            >
                                          </li>
                                          <li class="ps--sorting-item">
                                            <a
                                              href="https://www.metro.ca/en/online-grocery/aisles/deli-prepared-meals?sortOrder=price-desc"
                                              >Price (high to low)</a
                                            >
                                          </li>
                                          <li class="ps--sorting-item">
                                            <a
                                              href="https://www.metro.ca/en/online-grocery/aisles/deli-prepared-meals?sortOrder=popularity"
                                              class="active"
                                              >Popularity</a
                                            >
                                          </li>
                                        </ul>
                                      </div>
                                    </div>
                                  </div>
                                  <!-- / SORT CRITERIA -->
                                </div>
                              </div>
                            </div>

                            <!-- CURRENT FILTERS -->

                            <!-- / CURRENT FILTERS -->
                          </div>
                          <!-- RIGHT CONTENT -->
                          <div
                            data-list-name="catalog"
                            data-new-free-text-search="false"
                            data-total-results="1017"
                          >
                            <div
                              class="products-search--grid searchOnlineResults"
                            >
                              <div
                                class="default-product-tile tile-product item-addToCart"
                                data-product-code="059749883047"
                                data-unit-increment="1"
                                data-min-qty="1"
                                data-max-qty="12"
                                data-product-deletable="true"
                                data-is-inactive="false"
                                data-product-name="Frozen Three-Meat Pie"
                                data-product-category="Frozen"
                                data-product-category-id="000011"
                                data-product-brand="Irresistibles"
                                data-category-url="/aisles/frozen/meat-poultry/meat-pie"
                                data-is="container-tabs"
                                data-substitution-permission="NO"
                                data-age-restriction="false"
                                data-product-alcohol="false"
                              >
                                <div class="pt__visual">
                                  <a
                                    href="https://www.metro.ca/en/online-grocery/aisles/frozen/meat-poultry/meat-pie/frozen-three-meat-pie/p/059749883047"
                                    tabindex="0"
                                    class="product-details-link"
                                  >
                                    <div
                                      class="tag-in-cart pt--image--incart hide"
                                    >
                                      <img
                                        src="./Deli &amp; Prepared Meals _ Metro_files/cart-check.svg"
                                      />
                                      <span class="invisible-text"
                                        >Product is in the cart</span
                                      >
                                    </div>

                                    <div
                                      class="visual__stickers"
                                      data-dimension-8="REG"
                                    ></div>

                                    <picture class="defaultable-picture">
                                      <source
                                        media="(min-width: 730px)"
                                        srcset="
                                          https://product-images.metro.ca/images/h8d/h8d/10433024458782.jpg,
                                          https://product-images.metro.ca/images/hdc/hdd/10433025474590.jpg 2x
                                        "
                                      />
                                      <source
                                        media="(min-width: 115px)"
                                        srcset="
                                          https://product-images.metro.ca/images/h13/hb7/10433024884766.jpg,
                                          https://product-images.metro.ca/images/h29/h04/10433024589854.jpg 2x
                                        "
                                      />

                                      <img
                                        onerror="replaceErrorImageByDefaultImage(this)"
                                        alt="Irresistibles Frozen Three-Meat Pie 635 g"
                                        src="./Deli &amp; Prepared Meals _ Metro_files/10433024884766.jpg"
                                        srcset="
                                          https://product-images.metro.ca/images/h13/hb7/10433024884766.jpg,
                                          https://product-images.metro.ca/images/h29/h04/10433024589854.jpg 2x
                                        "
                                        data-default="/images/shared/placeholders/icon-no-picture.svg"
                                      />
                                    </picture>
                                  </a>
                                </div>

                                <div class="pt__content">
                                  <div class="pt__content--wrap">
                                    <div class="content__head">
                                      <span class="head__brand">
                                        Irresistibles
                                      </span>

                                      <a
                                        href="https://www.metro.ca/en/online-grocery/aisles/frozen/meat-poultry/meat-pie/frozen-three-meat-pie/p/059749883047"
                                        tabindex="0"
                                        class="product-details-link"
                                      >
                                        <div
                                          class="head__title"
                                          id="itemTitle-059749883047"
                                        >
                                          Frozen Three-Meat Pie
                                        </div>

                                        <span class="head__unit-details"
                                          >635 g</span
                                        >
                                      </a>

                                      <button
                                        type="button"
                                        class="cta-link show-variety btn--displayFlavours"
                                        other-flavours-target="/en/online-grocery/product/flavours/301077?sku=059749883047"
                                      >
                                        Other varieties
                                      </button>
                                    </div>

                                    <div class="error-summary hide">
                                      <ul>
                                        <li>
                                          <a
                                            href="https://www.metro.ca/en/online-grocery/aisles/deli-prepared-meals?sortOrder=popularity"
                                            class="product-make-choice-error focusOnMySelect hide"
                                            >Specify an option to add the
                                            product to your cart.</a
                                          >
                                        </li>
                                        <li>
                                          <a
                                            href="https://www.metro.ca/en/online-grocery/aisles/deli-prepared-meals?sortOrder=popularity"
                                            class="product-make-choice-cart-starter-error focusOnMySelect hide"
                                            >Specify an option to add the
                                            product to your favourites.</a
                                          >
                                        </li>
                                        <li>
                                          <a
                                            href="https://www.metro.ca/en/online-grocery/aisles/deli-prepared-meals?sortOrder=popularity"
                                            class="product-cart-starter-add-error focusOnMySelect hide"
                                            >An error occurred while adding the
                                            product to your favourites.</a
                                          >
                                        </li>
                                        <li>
                                          <a
                                            href="https://www.metro.ca/en/online-grocery/aisles/deli-prepared-meals?sortOrder=popularity"
                                            class="product-cart-starter-delete-error focusOnMySelect hide"
                                            >An error occurred while deleting
                                            the product.</a
                                          >
                                        </li>
                                        <li>
                                          <a
                                            href="https://www.metro.ca/en/online-grocery/aisles/deli-prepared-meals?sortOrder=popularity"
                                            class="product-cart-update-error focusOnMySelect hide"
                                            >An error occurred while updating
                                            the item in your cart.</a
                                          >
                                        </li>
                                        <li>
                                          <a
                                            href="https://www.metro.ca/en/online-grocery/aisles/deli-prepared-meals?sortOrder=popularity"
                                            class="product-cart-delete-error focusOnMySelect hide"
                                            >An error occurred while deleting
                                            the item in your cart.</a
                                          >
                                        </li>
                                        <li>
                                          <a
                                            href="https://www.metro.ca/en/online-grocery/aisles/deli-prepared-meals?sortOrder=popularity"
                                            class="product-cart-starter-update-error focusOnMySelect hide"
                                            >An error occurred while updating
                                            the product.</a
                                          >
                                        </li>
                                        <li>
                                          <a
                                            href="https://www.metro.ca/en/online-grocery/aisles/deli-prepared-meals?sortOrder=popularity"
                                            class="product-cart-starter-delete-error focusOnMySelect hide"
                                            >An error occurred while deleting
                                            the product.</a
                                          >
                                        </li>
                                        <li>
                                          <a
                                            href="https://www.metro.ca/en/online-grocery/aisles/deli-prepared-meals?sortOrder=popularity"
                                            class="product-age-restriction-cart-starter-error focusOnMySelect hide"
                                            >Please deselect this product.</a
                                          >
                                        </li>
                                      </ul>
                                    </div>

                                    <div class="content__pricing" tabindex="0">
                                      <div data-main-price="8.99">
                                        <div class="pricing__sale-price">
                                          <span class="price-update"
                                            >$8.99</span
                                          >
                                          <span>
                                            &nbsp;<abbr title="Each">ea.</abbr>
                                          </span>
                                        </div>
                                        <div class="pricing__unit-value"></div>

                                        <div class="pricing__secondary-price">
                                          <span
                                            >$1.42 /100<abbr title="Gram"
                                              >g</abbr
                                            ></span
                                          >
                                        </div>
                                      </div>
                                    </div>
                                  </div>

                                  <div class="pt__content--actions">
                                    <div class="actions__cart pt--actions">
                                      <button
                                        type="button"
                                        class="action__favorite addToCartStarter"
                                        onclick="findFlowCartStarter(this);"
                                        tabindex="0"
                                        aria-describedby="itemTitle-059749883047"
                                      >
                                        <svg
                                          xmlns="http://www.w3.org/2000/svg"
                                          width="24.001"
                                          height="24"
                                          viewBox="0 0 24.001 24"
                                        >
                                          <path
                                            d="M19.022,30.288a.734.734,0,0,1-.519-.215L9.66,21.258a8.8,8.8,0,0,1-2.485-4.267A6.723,6.723,0,0,1,13.709,8.75a7.931,7.931,0,0,1,5.284,2.164A7.921,7.921,0,0,1,24.268,8.75,6.744,6.744,0,0,1,30.826,17a8.769,8.769,0,0,1-2.479,4.256l-8.8,8.816a.733.733,0,0,1-.525.217"
                                            transform="translate(-7 -7.75)"
                                            fill="#d81e05"
                                          ></path>
                                        </svg>
                                        <span class="invisible-text"
                                          >Add to your favourites</span
                                        >
                                      </button>

                                      <div
                                        class="invisible-text"
                                        aria-labelledby="added-live--added"
                                        aria-hidden="true"
                                      >
                                        Product added to cart.
                                      </div>

                                      <button
                                        type="button"
                                        class="btn--minus minus-addToCart minus-updateCart action__remove-from-cart lastInCart"
                                        tabindex="-1"
                                        aria-describedby="itemTitle-059749883047"
                                      >
                                        <span class="invisible-text"
                                          >Decrease quantity unavailable</span
                                        >
                                        <svg
                                          xmlns="http://www.w3.org/2000/svg"
                                          width="14.433"
                                          height="16"
                                          viewBox="0 0 14.433 16"
                                        >
                                          <path
                                            class="cart-minus"
                                            d="M.489,5.524A.488.488,0,0,1,0,5.037V.487a.489.489,0,0,1,.978,0V5.037A.488.488,0,0,1,.489,5.524Z"
                                            transform="translate(11.699 3.091) rotate(90)"
                                            fill="#fff"
                                          ></path>
                                          <path
                                            class="cart-delete"
                                            d="M13670.893,14327.75a.5.5,0,0,1-.5-.468l-.923-12.084h-1.215a.505.505,0,0,1,0-1.011h1.641a.548.548,0,0,1,.08,0h2.247v-1.931a.5.5,0,0,1,.5-.507h4.466a.507.507,0,0,1,.5.507v1.931h2.209a.411.411,0,0,1,.069,0h1.709a.505.505,0,0,1,0,1.011h-1.276l-.835,12.08a.5.5,0,0,1-.5.472Zm.465-1.015h7.24l.8-11.537h-8.92Zm5.326-12.548v-1.426h-3.458v1.426Zm-.224,11.268a.5.5,0,0,1-.481-.529l.342-8.009a.5.5,0,1,1,1.007.043l-.344,8.012a.508.508,0,0,1-.5.483Zm-2.99,0a.507.507,0,0,1-.5-.483l-.341-8.012a.5.5,0,1,1,1-.043l.342,8.009a.505.505,0,0,1-.481.529Z"
                                            transform="translate(-13667.75 -14311.75)"
                                            fill="#fff"
                                          ></path>
                                        </svg>
                                      </button>

                                      <p
                                        class="pt__cart-amount"
                                        aria-live="polite"
                                        aria-atomic="true"
                                      >
                                        <span class="qty-addToCart">1</span>
                                      </p>

                                      <button
                                        type="button"
                                        class="btn--plus plus-addToCart plus-updateCart action__add-to-cart"
                                        tabindex="-1"
                                        aria-describedby="itemTitle-059749883047"
                                      >
                                        <span class="invisible-text"
                                          >Increase quantity</span
                                        >
                                        <svg
                                          class="cart-plus"
                                          xmlns="http://www.w3.org/2000/svg"
                                          width="32"
                                          height="32"
                                          viewBox="0 0 32 32"
                                        >
                                          <g transform="translate(7 8)">
                                            <path
                                              class="shop-cart"
                                              d="M1.2-.75A1.955,1.955,0,1,1-.75,1.205,1.955,1.955,0,0,1,1.2-.75Zm0,2.933a.978.978,0,1,0-.975-.978A.977.977,0,0,0,1.2,2.183Z"
                                              transform="translate(4.538 12.472)"
                                              fill="#fff"
                                            ></path>
                                            <path
                                              class="shop-cart"
                                              d="M1.2-.75A1.955,1.955,0,1,1-.75,1.205,1.955,1.955,0,0,1,1.2-.75Zm0,2.933a.978.978,0,1,0-.975-.978A.977.977,0,0,0,1.2,2.183Z"
                                              transform="translate(11.921 12.472)"
                                              fill="#fff"
                                            ></path>
                                            <path
                                              class="shop-cart"
                                              d="M13.565,14.786H4.576a2.029,2.029,0,0,1-.935-.314,2.09,2.09,0,0,1-.918-1.892v-8.7L.74,3.024a.489.489,0,0,1,.384-.9L3.4,3.105a.489.489,0,0,1,.3.449V12.58a1.189,1.189,0,0,0,.442,1.05,1.092,1.092,0,0,0,.477.178h8.95a.489.489,0,0,1,0,.978Z"
                                              transform="translate(-0.445 -2.086)"
                                              fill="#fff"
                                            ></path>
                                            <path
                                              class="shop-cart"
                                              d="M15.327,13.591H5.706a.486.486,0,0,1-.078-.006A2.023,2.023,0,0,1,3.95,11.533a.487.487,0,1,1,.975,0,1.014,1.014,0,0,0,.4.877,1.275,1.275,0,0,0,.431.2h9.569c.55,0,.811-.743.87-.939V7.049a.487.487,0,1,1,.975,0v4.691a.49.49,0,0,1-.013.114,3.063,3.063,0,0,1-.351.824A1.716,1.716,0,0,1,15.327,13.591Z"
                                              transform="translate(-1.672 -3.644)"
                                              fill="#fff"
                                            ></path>
                                            <g class="cart-plus-group">
                                              <path
                                                class="cart-plus"
                                                d="M-.263,4.79A.488.488,0,0,1-.75,4.3V-.261A.488.488,0,0,1-.263-.75a.488.488,0,0,1,.487.489V4.3A.488.488,0,0,1-.263,4.79Z"
                                                transform="translate(9.199 1.56)"
                                                fill="#fff"
                                              ></path>
                                              <path
                                                class="cart-plus"
                                                d="M.489,5.524A.488.488,0,0,1,0,5.037V.487a.489.489,0,0,1,.978,0V5.037A.488.488,0,0,1,.489,5.524Z"
                                                transform="translate(11.699 3.091) rotate(90)"
                                                fill="#fff"
                                              ></path>
                                            </g>
                                          </g>
                                        </svg>
                                      </button>

                                      <button
                                        class="debounce-250 button-tile-addToCart action__add-to-cart"
                                        data-errorbox="errorBox"
                                        onclick=""
                                        type="button"
                                        tabindex="0"
                                        data-target="/en/service-and-timeslot/service"
                                        aria-describedby="itemTitle-059749883047"
                                        aria-label="Add to the shopping cart"
                                      >
                                        <svg
                                          class="cart-plus"
                                          xmlns="http://www.w3.org/2000/svg"
                                          width="32"
                                          height="32"
                                          viewBox="0 0 32 32"
                                        >
                                          <g transform="translate(7 8)">
                                            <path
                                              class="shop-cart"
                                              d="M1.2-.75A1.955,1.955,0,1,1-.75,1.205,1.955,1.955,0,0,1,1.2-.75Zm0,2.933a.978.978,0,1,0-.975-.978A.977.977,0,0,0,1.2,2.183Z"
                                              transform="translate(4.538 12.472)"
                                              fill="#fff"
                                            ></path>
                                            <path
                                              class="shop-cart"
                                              d="M1.2-.75A1.955,1.955,0,1,1-.75,1.205,1.955,1.955,0,0,1,1.2-.75Zm0,2.933a.978.978,0,1,0-.975-.978A.977.977,0,0,0,1.2,2.183Z"
                                              transform="translate(11.921 12.472)"
                                              fill="#fff"
                                            ></path>
                                            <path
                                              class="shop-cart"
                                              d="M13.565,14.786H4.576a2.029,2.029,0,0,1-.935-.314,2.09,2.09,0,0,1-.918-1.892v-8.7L.74,3.024a.489.489,0,0,1,.384-.9L3.4,3.105a.489.489,0,0,1,.3.449V12.58a1.189,1.189,0,0,0,.442,1.05,1.092,1.092,0,0,0,.477.178h8.95a.489.489,0,0,1,0,.978Z"
                                              transform="translate(-0.445 -2.086)"
                                              fill="#fff"
                                            ></path>
                                            <path
                                              class="shop-cart"
                                              d="M15.327,13.591H5.706a.486.486,0,0,1-.078-.006A2.023,2.023,0,0,1,3.95,11.533a.487.487,0,1,1,.975,0,1.014,1.014,0,0,0,.4.877,1.275,1.275,0,0,0,.431.2h9.569c.55,0,.811-.743.87-.939V7.049a.487.487,0,1,1,.975,0v4.691a.49.49,0,0,1-.013.114,3.063,3.063,0,0,1-.351.824A1.716,1.716,0,0,1,15.327,13.591Z"
                                              transform="translate(-1.672 -3.644)"
                                              fill="#fff"
                                            ></path>
                                            <g class="cart-plus-group">
                                              <path
                                                class="cart-plus"
                                                d="M-.263,4.79A.488.488,0,0,1-.75,4.3V-.261A.488.488,0,0,1-.263-.75a.488.488,0,0,1,.487.489V4.3A.488.488,0,0,1-.263,4.79Z"
                                                transform="translate(9.199 1.56)"
                                                fill="#fff"
                                              ></path>
                                              <path
                                                class="cart-plus"
                                                d="M.489,5.524A.488.488,0,0,1,0,5.037V.487a.489.489,0,0,1,.978,0V5.037A.488.488,0,0,1,.489,5.524Z"
                                                transform="translate(11.699 3.091) rotate(90)"
                                                fill="#fff"
                                              ></path>
                                            </g>
                                          </g>
                                        </svg>
                                      </button>
                                    </div>
                                  </div>
                                </div>
                              </div>

                              <div
                                class="default-product-tile tile-product item-addToCart"
                                data-product-code="059749949231"
                                data-unit-increment="1"
                                data-min-qty="1"
                                data-max-qty="12"
                                data-product-deletable="true"
                                data-is-inactive="false"
                                data-product-name="Frozen Chicken Pie"
                                data-product-category="Frozen"
                                data-product-category-id="000011"
                                data-product-brand="Irresistibles"
                                data-category-url="/aisles/frozen/meat-poultry/meat-pie"
                                data-is="container-tabs"
                                data-substitution-permission="NO"
                                data-age-restriction="false"
                                data-product-alcohol="false"
                              >
                                <div class="pt__visual">
                                  <a
                                    href="https://www.metro.ca/en/online-grocery/aisles/frozen/meat-poultry/meat-pie/frozen-chicken-pie/p/059749949231"
                                    tabindex="0"
                                    class="product-details-link"
                                  >
                                    <div
                                      class="tag-in-cart pt--image--incart hide"
                                    >
                                      <img
                                        src="./Deli &amp; Prepared Meals _ Metro_files/cart-check.svg"
                                      />
                                      <span class="invisible-text"
                                        >Product is in the cart</span
                                      >
                                    </div>

                                    <div
                                      class="visual__stickers"
                                      data-dimension-8="REG"
                                    ></div>

                                    <picture class="defaultable-picture">
                                      <source
                                        media="(min-width: 730px)"
                                        srcset="
                                          https://product-images.metro.ca/images/h52/h0c/9848551538718.jpg,
                                          https://product-images.metro.ca/images/h44/h54/9848552521758.jpg 2x
                                        "
                                      />
                                      <source
                                        media="(min-width: 115px)"
                                        srcset="
                                          https://product-images.metro.ca/images/ha5/hf5/9848552030238.jpg,
                                          https://product-images.metro.ca/images/h09/h40/9848551669790.jpg 2x
                                        "
                                      />

                                      <img
                                        onerror="replaceErrorImageByDefaultImage(this)"
                                        alt="Irresistibles Frozen Chicken Pie 600 g"
                                        src="./Deli &amp; Prepared Meals _ Metro_files/9848552030238.jpg"
                                        srcset="
                                          https://product-images.metro.ca/images/ha5/hf5/9848552030238.jpg,
                                          https://product-images.metro.ca/images/h09/h40/9848551669790.jpg 2x
                                        "
                                        data-default="/images/shared/placeholders/icon-no-picture.svg"
                                      />
                                    </picture>
                                  </a>
                                </div>

                                <div class="pt__content">
                                  <div class="pt__content--wrap">
                                    <div class="content__head">
                                      <span class="head__brand">
                                        Irresistibles
                                      </span>

                                      <a
                                        href="https://www.metro.ca/en/online-grocery/aisles/frozen/meat-poultry/meat-pie/frozen-chicken-pie/p/059749949231"
                                        tabindex="0"
                                        class="product-details-link"
                                      >
                                        <div
                                          class="head__title"
                                          id="itemTitle-059749949231"
                                        >
                                          Frozen Chicken Pie
                                        </div>

                                        <span class="head__unit-details"
                                          >600 g</span
                                        >
                                      </a>

                                      <button
                                        type="button"
                                        class="cta-link show-variety btn--displayFlavours"
                                        other-flavours-target="/en/online-grocery/product/flavours/301077?sku=059749949231"
                                      >
                                        Other varieties
                                      </button>
                                    </div>

                                    <div class="error-summary hide">
                                      <ul>
                                        <li>
                                          <a
                                            href="https://www.metro.ca/en/online-grocery/aisles/deli-prepared-meals?sortOrder=popularity"
                                            class="product-make-choice-error focusOnMySelect hide"
                                            >Specify an option to add the
                                            product to your cart.</a
                                          >
                                        </li>
                                        <li>
                                          <a
                                            href="https://www.metro.ca/en/online-grocery/aisles/deli-prepared-meals?sortOrder=popularity"
                                            class="product-make-choice-cart-starter-error focusOnMySelect hide"
                                            >Specify an option to add the
                                            product to your favourites.</a
                                          >
                                        </li>
                                        <li>
                                          <a
                                            href="https://www.metro.ca/en/online-grocery/aisles/deli-prepared-meals?sortOrder=popularity"
                                            class="product-cart-starter-add-error focusOnMySelect hide"
                                            >An error occurred while adding the
                                            product to your favourites.</a
                                          >
                                        </li>
                                        <li>
                                          <a
                                            href="https://www.metro.ca/en/online-grocery/aisles/deli-prepared-meals?sortOrder=popularity"
                                            class="product-cart-starter-delete-error focusOnMySelect hide"
                                            >An error occurred while deleting
                                            the product.</a
                                          >
                                        </li>
                                        <li>
                                          <a
                                            href="https://www.metro.ca/en/online-grocery/aisles/deli-prepared-meals?sortOrder=popularity"
                                            class="product-cart-update-error focusOnMySelect hide"
                                            >An error occurred while updating
                                            the item in your cart.</a
                                          >
                                        </li>
                                        <li>
                                          <a
                                            href="https://www.metro.ca/en/online-grocery/aisles/deli-prepared-meals?sortOrder=popularity"
                                            class="product-cart-delete-error focusOnMySelect hide"
                                            >An error occurred while deleting
                                            the item in your cart.</a
                                          >
                                        </li>
                                        <li>
                                          <a
                                            href="https://www.metro.ca/en/online-grocery/aisles/deli-prepared-meals?sortOrder=popularity"
                                            class="product-cart-starter-update-error focusOnMySelect hide"
                                            >An error occurred while updating
                                            the product.</a
                                          >
                                        </li>
                                        <li>
                                          <a
                                            href="https://www.metro.ca/en/online-grocery/aisles/deli-prepared-meals?sortOrder=popularity"
                                            class="product-cart-starter-delete-error focusOnMySelect hide"
                                            >An error occurred while deleting
                                            the product.</a
                                          >
                                        </li>
                                        <li>
                                          <a
                                            href="https://www.metro.ca/en/online-grocery/aisles/deli-prepared-meals?sortOrder=popularity"
                                            class="product-age-restriction-cart-starter-error focusOnMySelect hide"
                                            >Please deselect this product.</a
                                          >
                                        </li>
                                      </ul>
                                    </div>

                                    <div class="content__pricing" tabindex="0">
                                      <div data-main-price="8.99">
                                        <div class="pricing__sale-price">
                                          <span class="price-update"
                                            >$8.99</span
                                          >
                                          <span>
                                            &nbsp;<abbr title="Each">ea.</abbr>
                                          </span>
                                        </div>
                                        <div class="pricing__unit-value"></div>

                                        <div class="pricing__secondary-price">
                                          <span
                                            >$1.50 /100<abbr title="Gram"
                                              >g</abbr
                                            ></span
                                          >
                                        </div>
                                      </div>
                                    </div>
                                  </div>

                                  <div class="pt__content--actions">
                                    <div class="actions__cart pt--actions">
                                      <button
                                        type="button"
                                        class="action__favorite addToCartStarter"
                                        onclick="findFlowCartStarter(this);"
                                        tabindex="0"
                                        aria-describedby="itemTitle-059749949231"
                                      >
                                        <svg
                                          xmlns="http://www.w3.org/2000/svg"
                                          width="24.001"
                                          height="24"
                                          viewBox="0 0 24.001 24"
                                        >
                                          <path
                                            d="M19.022,30.288a.734.734,0,0,1-.519-.215L9.66,21.258a8.8,8.8,0,0,1-2.485-4.267A6.723,6.723,0,0,1,13.709,8.75a7.931,7.931,0,0,1,5.284,2.164A7.921,7.921,0,0,1,24.268,8.75,6.744,6.744,0,0,1,30.826,17a8.769,8.769,0,0,1-2.479,4.256l-8.8,8.816a.733.733,0,0,1-.525.217"
                                            transform="translate(-7 -7.75)"
                                            fill="#d81e05"
                                          ></path>
                                        </svg>
                                        <span class="invisible-text"
                                          >Add to your favourites</span
                                        >
                                      </button>

                                      <div
                                        class="invisible-text"
                                        aria-labelledby="added-live--added"
                                        aria-hidden="true"
                                      >
                                        Product added to cart.
                                      </div>

                                      <button
                                        type="button"
                                        class="btn--minus minus-addToCart minus-updateCart action__remove-from-cart lastInCart"
                                        tabindex="-1"
                                        aria-describedby="itemTitle-059749949231"
                                      >
                                        <span class="invisible-text"
                                          >Decrease quantity unavailable</span
                                        >
                                        <svg
                                          xmlns="http://www.w3.org/2000/svg"
                                          width="14.433"
                                          height="16"
                                          viewBox="0 0 14.433 16"
                                        >
                                          <path
                                            class="cart-minus"
                                            d="M.489,5.524A.488.488,0,0,1,0,5.037V.487a.489.489,0,0,1,.978,0V5.037A.488.488,0,0,1,.489,5.524Z"
                                            transform="translate(11.699 3.091) rotate(90)"
                                            fill="#fff"
                                          ></path>
                                          <path
                                            class="cart-delete"
                                            d="M13670.893,14327.75a.5.5,0,0,1-.5-.468l-.923-12.084h-1.215a.505.505,0,0,1,0-1.011h1.641a.548.548,0,0,1,.08,0h2.247v-1.931a.5.5,0,0,1,.5-.507h4.466a.507.507,0,0,1,.5.507v1.931h2.209a.411.411,0,0,1,.069,0h1.709a.505.505,0,0,1,0,1.011h-1.276l-.835,12.08a.5.5,0,0,1-.5.472Zm.465-1.015h7.24l.8-11.537h-8.92Zm5.326-12.548v-1.426h-3.458v1.426Zm-.224,11.268a.5.5,0,0,1-.481-.529l.342-8.009a.5.5,0,1,1,1.007.043l-.344,8.012a.508.508,0,0,1-.5.483Zm-2.99,0a.507.507,0,0,1-.5-.483l-.341-8.012a.5.5,0,1,1,1-.043l.342,8.009a.505.505,0,0,1-.481.529Z"
                                            transform="translate(-13667.75 -14311.75)"
                                            fill="#fff"
                                          ></path>
                                        </svg>
                                      </button>

                                      <p
                                        class="pt__cart-amount"
                                        aria-live="polite"
                                        aria-atomic="true"
                                      >
                                        <span class="qty-addToCart">1</span>
                                      </p>

                                      <button
                                        type="button"
                                        class="btn--plus plus-addToCart plus-updateCart action__add-to-cart"
                                        tabindex="-1"
                                        aria-describedby="itemTitle-059749949231"
                                      >
                                        <span class="invisible-text"
                                          >Increase quantity</span
                                        >
                                        <svg
                                          class="cart-plus"
                                          xmlns="http://www.w3.org/2000/svg"
                                          width="32"
                                          height="32"
                                          viewBox="0 0 32 32"
                                        >
                                          <g transform="translate(7 8)">
                                            <path
                                              class="shop-cart"
                                              d="M1.2-.75A1.955,1.955,0,1,1-.75,1.205,1.955,1.955,0,0,1,1.2-.75Zm0,2.933a.978.978,0,1,0-.975-.978A.977.977,0,0,0,1.2,2.183Z"
                                              transform="translate(4.538 12.472)"
                                              fill="#fff"
                                            ></path>
                                            <path
                                              class="shop-cart"
                                              d="M1.2-.75A1.955,1.955,0,1,1-.75,1.205,1.955,1.955,0,0,1,1.2-.75Zm0,2.933a.978.978,0,1,0-.975-.978A.977.977,0,0,0,1.2,2.183Z"
                                              transform="translate(11.921 12.472)"
                                              fill="#fff"
                                            ></path>
                                            <path
                                              class="shop-cart"
                                              d="M13.565,14.786H4.576a2.029,2.029,0,0,1-.935-.314,2.09,2.09,0,0,1-.918-1.892v-8.7L.74,3.024a.489.489,0,0,1,.384-.9L3.4,3.105a.489.489,0,0,1,.3.449V12.58a1.189,1.189,0,0,0,.442,1.05,1.092,1.092,0,0,0,.477.178h8.95a.489.489,0,0,1,0,.978Z"
                                              transform="translate(-0.445 -2.086)"
                                              fill="#fff"
                                            ></path>
                                            <path
                                              class="shop-cart"
                                              d="M15.327,13.591H5.706a.486.486,0,0,1-.078-.006A2.023,2.023,0,0,1,3.95,11.533a.487.487,0,1,1,.975,0,1.014,1.014,0,0,0,.4.877,1.275,1.275,0,0,0,.431.2h9.569c.55,0,.811-.743.87-.939V7.049a.487.487,0,1,1,.975,0v4.691a.49.49,0,0,1-.013.114,3.063,3.063,0,0,1-.351.824A1.716,1.716,0,0,1,15.327,13.591Z"
                                              transform="translate(-1.672 -3.644)"
                                              fill="#fff"
                                            ></path>
                                            <g class="cart-plus-group">
                                              <path
                                                class="cart-plus"
                                                d="M-.263,4.79A.488.488,0,0,1-.75,4.3V-.261A.488.488,0,0,1-.263-.75a.488.488,0,0,1,.487.489V4.3A.488.488,0,0,1-.263,4.79Z"
                                                transform="translate(9.199 1.56)"
                                                fill="#fff"
                                              ></path>
                                              <path
                                                class="cart-plus"
                                                d="M.489,5.524A.488.488,0,0,1,0,5.037V.487a.489.489,0,0,1,.978,0V5.037A.488.488,0,0,1,.489,5.524Z"
                                                transform="translate(11.699 3.091) rotate(90)"
                                                fill="#fff"
                                              ></path>
                                            </g>
                                          </g>
                                        </svg>
                                      </button>

                                      <button
                                        class="debounce-250 button-tile-addToCart action__add-to-cart"
                                        data-errorbox="errorBox"
                                        onclick=""
                                        type="button"
                                        tabindex="0"
                                        data-target="/en/service-and-timeslot/service"
                                        aria-describedby="itemTitle-059749949231"
                                        aria-label="Add to the shopping cart"
                                      >
                                        <svg
                                          class="cart-plus"
                                          xmlns="http://www.w3.org/2000/svg"
                                          width="32"
                                          height="32"
                                          viewBox="0 0 32 32"
                                        >
                                          <g transform="translate(7 8)">
                                            <path
                                              class="shop-cart"
                                              d="M1.2-.75A1.955,1.955,0,1,1-.75,1.205,1.955,1.955,0,0,1,1.2-.75Zm0,2.933a.978.978,0,1,0-.975-.978A.977.977,0,0,0,1.2,2.183Z"
                                              transform="translate(4.538 12.472)"
                                              fill="#fff"
                                            ></path>
                                            <path
                                              class="shop-cart"
                                              d="M1.2-.75A1.955,1.955,0,1,1-.75,1.205,1.955,1.955,0,0,1,1.2-.75Zm0,2.933a.978.978,0,1,0-.975-.978A.977.977,0,0,0,1.2,2.183Z"
                                              transform="translate(11.921 12.472)"
                                              fill="#fff"
                                            ></path>
                                            <path
                                              class="shop-cart"
                                              d="M13.565,14.786H4.576a2.029,2.029,0,0,1-.935-.314,2.09,2.09,0,0,1-.918-1.892v-8.7L.74,3.024a.489.489,0,0,1,.384-.9L3.4,3.105a.489.489,0,0,1,.3.449V12.58a1.189,1.189,0,0,0,.442,1.05,1.092,1.092,0,0,0,.477.178h8.95a.489.489,0,0,1,0,.978Z"
                                              transform="translate(-0.445 -2.086)"
                                              fill="#fff"
                                            ></path>
                                            <path
                                              class="shop-cart"
                                              d="M15.327,13.591H5.706a.486.486,0,0,1-.078-.006A2.023,2.023,0,0,1,3.95,11.533a.487.487,0,1,1,.975,0,1.014,1.014,0,0,0,.4.877,1.275,1.275,0,0,0,.431.2h9.569c.55,0,.811-.743.87-.939V7.049a.487.487,0,1,1,.975,0v4.691a.49.49,0,0,1-.013.114,3.063,3.063,0,0,1-.351.824A1.716,1.716,0,0,1,15.327,13.591Z"
                                              transform="translate(-1.672 -3.644)"
                                              fill="#fff"
                                            ></path>
                                            <g class="cart-plus-group">
                                              <path
                                                class="cart-plus"
                                                d="M-.263,4.79A.488.488,0,0,1-.75,4.3V-.261A.488.488,0,0,1-.263-.75a.488.488,0,0,1,.487.489V4.3A.488.488,0,0,1-.263,4.79Z"
                                                transform="translate(9.199 1.56)"
                                                fill="#fff"
                                              ></path>
                                              <path
                                                class="cart-plus"
                                                d="M.489,5.524A.488.488,0,0,1,0,5.037V.487a.489.489,0,0,1,.978,0V5.037A.488.488,0,0,1,.489,5.524Z"
                                                transform="translate(11.699 3.091) rotate(90)"
                                                fill="#fff"
                                              ></path>
                                            </g>
                                          </g>
                                        </svg>
                                      </button>
                                    </div>
                                  </div>
                                </div>
                              </div>

                              <div
                                class="default-product-tile tile-product item-addToCart tile-product--effective-date"
                                data-product-code="231361"
                                data-unit-increment="100"
                                data-min-qty="100"
                                data-max-qty="5000"
                                data-product-deletable="true"
                                data-is-inactive="false"
                                data-product-name="Roasted Seasoned Turkey Breast"
                                data-product-category="Deli &amp; Prepared Meals"
                                data-product-category-id="000009"
                                data-product-brand="Irresistibles"
                                data-category-url="/aisles/deli-prepared-meals/deli-meats/turkey-chicken"
                                data-is="container-tabs"
                                data-substitution-permission="NO"
                                data-age-restriction="false"
                                data-product-alcohol="false"
                              >
                                <div class="pt__visual">
                                  <a
                                    href="https://www.metro.ca/en/online-grocery/aisles/deli-prepared-meals/deli-meats/turkey-chicken/roasted-seasoned-turkey-breast/p/231361"
                                    tabindex="0"
                                    class="product-details-link"
                                  >
                                    <div
                                      class="tag-in-cart pt--image--incart hide"
                                    >
                                      <img
                                        src="./Deli &amp; Prepared Meals _ Metro_files/cart-check.svg"
                                      />
                                      <span class="invisible-text"
                                        >Product is in the cart</span
                                      >
                                    </div>

                                    <div
                                      class="visual__stickers"
                                      data-dimension-8="PROMO"
                                    >
                                      <div class="icon--sale">
                                        <span>Save</span>
                                      </div>
                                    </div>

                                    <picture class="defaultable-picture">
                                      <source
                                        media="(min-width: 730px)"
                                        srcset="
                                          https://product-images.metro.ca/images/h2c/h70/9254253821982.jpg,
                                          https://product-images.metro.ca/images/h17/h67/9254254739486.jpg 2x
                                        "
                                      />
                                      <source
                                        media="(min-width: 115px)"
                                        srcset="
                                          https://product-images.metro.ca/images/h5a/h12/9254254215198.jpg,
                                          https://product-images.metro.ca/images/h41/h6a/9254254051358.jpg 2x
                                        "
                                      />

                                      <img
                                        onerror="replaceErrorImageByDefaultImage(this)"
                                        alt="Artisan Roasted Seasoned Turkey Breast "
                                        src="./Deli &amp; Prepared Meals _ Metro_files/9254254215198.jpg"
                                        srcset="
                                          https://product-images.metro.ca/images/h5a/h12/9254254215198.jpg,
                                          https://product-images.metro.ca/images/h41/h6a/9254254051358.jpg 2x
                                        "
                                        data-default="/images/shared/placeholders/icon-no-picture.svg"
                                      />
                                    </picture>
                                  </a>
                                </div>

                                <div class="pt__content">
                                  <div class="pt__content--wrap">
                                    <div class="content__head">
                                      <span class="head__brand">
                                        Irresistibles
                                      </span>

                                      <a
                                        href="https://www.metro.ca/en/online-grocery/aisles/deli-prepared-meals/deli-meats/turkey-chicken/roasted-seasoned-turkey-breast/p/231361"
                                        tabindex="0"
                                        class="product-details-link"
                                      >
                                        <div
                                          class="head__title"
                                          id="itemTitle-231361"
                                        >
                                          Roasted Seasoned Turkey Breast,
                                          Artisan
                                        </div>
                                      </a>

                                      <div
                                        class="pt-option-select"
                                        tabindex="0"
                                      >
                                        <div class="pi-actions-approx">
                                          <div class="pi--cut-wrapper">
                                            <select
                                              class="pt--cut-select select-addToCart"
                                              name="select_element"
                                              tabindex="0"
                                              data-configuration-code="P02"
                                              aria-label="select your Thickness"
                                            >
                                              <option
                                                value="1"
                                                default-option="true"
                                                aria-label="select your Thickness"
                                              >
                                                Thickness
                                              </option>
                                              <option
                                                value="P0201"
                                                code-id="P0201"
                                                desc="avg. 5 slices / 100 g"
                                                default-option="false"
                                              >
                                                Shaved
                                              </option>
                                              <option
                                                value="P0202"
                                                code-id="P0202"
                                                desc="avg. 3 slices / 100 g"
                                                default-option="false"
                                              >
                                                Thin
                                              </option>
                                              <option
                                                value="P0203"
                                                code-id="P0203"
                                                desc="avg. 2 slices / 100 g"
                                                default-option="false"
                                              >
                                                Regular
                                              </option>
                                            </select>
                                          </div>
                                        </div>

                                        <div
                                          aria-live="polite"
                                          class="pt-approx"
                                        >
                                          <span class="desc-addToCart"></span>
                                        </div>
                                      </div>
                                    </div>

                                    <div class="error-summary hide">
                                      <ul>
                                        <li>
                                          <a
                                            href="https://www.metro.ca/en/online-grocery/aisles/deli-prepared-meals?sortOrder=popularity"
                                            class="product-make-choice-error focusOnMySelect hide"
                                            >Specify an option to add the
                                            product to your cart.</a
                                          >
                                        </li>
                                        <li>
                                          <a
                                            href="https://www.metro.ca/en/online-grocery/aisles/deli-prepared-meals?sortOrder=popularity"
                                            class="product-make-choice-cart-starter-error focusOnMySelect hide"
                                            >Specify an option to add the
                                            product to your favourites.</a
                                          >
                                        </li>
                                        <li>
                                          <a
                                            href="https://www.metro.ca/en/online-grocery/aisles/deli-prepared-meals?sortOrder=popularity"
                                            class="product-cart-starter-add-error focusOnMySelect hide"
                                            >An error occurred while adding the
                                            product to your favourites.</a
                                          >
                                        </li>
                                        <li>
                                          <a
                                            href="https://www.metro.ca/en/online-grocery/aisles/deli-prepared-meals?sortOrder=popularity"
                                            class="product-cart-starter-delete-error focusOnMySelect hide"
                                            >An error occurred while deleting
                                            the product.</a
                                          >
                                        </li>
                                        <li>
                                          <a
                                            href="https://www.metro.ca/en/online-grocery/aisles/deli-prepared-meals?sortOrder=popularity"
                                            class="product-cart-update-error focusOnMySelect hide"
                                            >An error occurred while updating
                                            the item in your cart.</a
                                          >
                                        </li>
                                        <li>
                                          <a
                                            href="https://www.metro.ca/en/online-grocery/aisles/deli-prepared-meals?sortOrder=popularity"
                                            class="product-cart-delete-error focusOnMySelect hide"
                                            >An error occurred while deleting
                                            the item in your cart.</a
                                          >
                                        </li>
                                        <li>
                                          <a
                                            href="https://www.metro.ca/en/online-grocery/aisles/deli-prepared-meals?sortOrder=popularity"
                                            class="product-cart-starter-update-error focusOnMySelect hide"
                                            >An error occurred while updating
                                            the product.</a
                                          >
                                        </li>
                                        <li>
                                          <a
                                            href="https://www.metro.ca/en/online-grocery/aisles/deli-prepared-meals?sortOrder=popularity"
                                            class="product-cart-starter-delete-error focusOnMySelect hide"
                                            >An error occurred while deleting
                                            the product.</a
                                          >
                                        </li>
                                        <li>
                                          <a
                                            href="https://www.metro.ca/en/online-grocery/aisles/deli-prepared-meals?sortOrder=popularity"
                                            class="product-age-restriction-cart-starter-error focusOnMySelect hide"
                                            >Please deselect this product.</a
                                          >
                                        </li>
                                      </ul>
                                    </div>

                                    <div class="content__pricing" tabindex="0">
                                      <div
                                        data-main-price="4.49"
                                        data-variant-price="100g"
                                      >
                                        <div
                                          class="pricing__sale-price promo-price"
                                        >
                                          <span
                                            class="price-update pi-price-promo"
                                            >$4.49</span
                                          >
                                          <span>
                                            &nbsp;/ 100
                                            <abbr title="Gram">g</abbr>
                                          </span>
                                        </div>
                                        <div class="pricing__unit-value"></div>

                                        <div class="pricing__secondary-price">
                                          <span
                                            >$44.90 /<abbr title="Kilogram"
                                              >kg</abbr
                                            ></span
                                          ><span
                                            >$20.37 /<abbr title="Pound"
                                              >lb.</abbr
                                            ></span
                                          >
                                        </div>
                                      </div>

                                      <div class="pricing__before-price">
                                        <span class="invisible-text"
                                          >Regular price</span
                                        >

                                        <span>$47.90</span>
                                        <span
                                          >&nbsp;/
                                          <abbr title="Kilogram">kg</abbr></span
                                        >
                                      </div>

                                      <div class="pricing__until-date">
                                        <span>Valid until Feb 8, 2023</span>
                                      </div>
                                    </div>
                                  </div>

                                  <div class="pt__content--actions">
                                    <div class="actions__cart pt--actions">
                                      <button
                                        type="button"
                                        class="action__favorite addToCartStarter"
                                        onclick="findFlowCartStarter(this);"
                                        tabindex="0"
                                        aria-describedby="itemTitle-231361"
                                      >
                                        <svg
                                          xmlns="http://www.w3.org/2000/svg"
                                          width="24.001"
                                          height="24"
                                          viewBox="0 0 24.001 24"
                                        >
                                          <path
                                            d="M19.022,30.288a.734.734,0,0,1-.519-.215L9.66,21.258a8.8,8.8,0,0,1-2.485-4.267A6.723,6.723,0,0,1,13.709,8.75a7.931,7.931,0,0,1,5.284,2.164A7.921,7.921,0,0,1,24.268,8.75,6.744,6.744,0,0,1,30.826,17a8.769,8.769,0,0,1-2.479,4.256l-8.8,8.816a.733.733,0,0,1-.525.217"
                                            transform="translate(-7 -7.75)"
                                            fill="#d81e05"
                                          ></path>
                                        </svg>
                                        <span class="invisible-text"
                                          >Add to your favourites</span
                                        >
                                      </button>

                                      <div
                                        class="invisible-text"
                                        aria-labelledby="added-live--added"
                                        aria-hidden="true"
                                      >
                                        Product added to cart.
                                      </div>

                                      <button
                                        type="button"
                                        class="btn--minus minus-addToCart minus-updateCart action__remove-from-cart lastInCart"
                                        tabindex="-1"
                                        aria-describedby="itemTitle-231361"
                                      >
                                        <span class="invisible-text"
                                          >Decrease quantity unavailable</span
                                        >
                                        <svg
                                          xmlns="http://www.w3.org/2000/svg"
                                          width="14.433"
                                          height="16"
                                          viewBox="0 0 14.433 16"
                                        >
                                          <path
                                            class="cart-minus"
                                            d="M.489,5.524A.488.488,0,0,1,0,5.037V.487a.489.489,0,0,1,.978,0V5.037A.488.488,0,0,1,.489,5.524Z"
                                            transform="translate(11.699 3.091) rotate(90)"
                                            fill="#fff"
                                          ></path>
                                          <path
                                            class="cart-delete"
                                            d="M13670.893,14327.75a.5.5,0,0,1-.5-.468l-.923-12.084h-1.215a.505.505,0,0,1,0-1.011h1.641a.548.548,0,0,1,.08,0h2.247v-1.931a.5.5,0,0,1,.5-.507h4.466a.507.507,0,0,1,.5.507v1.931h2.209a.411.411,0,0,1,.069,0h1.709a.505.505,0,0,1,0,1.011h-1.276l-.835,12.08a.5.5,0,0,1-.5.472Zm.465-1.015h7.24l.8-11.537h-8.92Zm5.326-12.548v-1.426h-3.458v1.426Zm-.224,11.268a.5.5,0,0,1-.481-.529l.342-8.009a.5.5,0,1,1,1.007.043l-.344,8.012a.508.508,0,0,1-.5.483Zm-2.99,0a.507.507,0,0,1-.5-.483l-.341-8.012a.5.5,0,1,1,1-.043l.342,8.009a.505.505,0,0,1-.481.529Z"
                                            transform="translate(-13667.75 -14311.75)"
                                            fill="#fff"
                                          ></path>
                                        </svg>
                                      </button>

                                      <p
                                        class="pt__cart-amount"
                                        aria-live="polite"
                                        aria-atomic="true"
                                      >
                                        <span class="qty-addToCart qty-long-txt"
                                          >100</span
                                        >
                                        <span class="qty-unit qty-long-txt"
                                          >&nbsp;<abbr title="Gram"
                                            >g</abbr
                                          ></span
                                        >
                                      </p>

                                      <button
                                        type="button"
                                        class="btn--plus plus-addToCart plus-updateCart action__add-to-cart"
                                        tabindex="-1"
                                        aria-describedby="itemTitle-231361"
                                      >
                                        <span class="invisible-text"
                                          >Increase quantity</span
                                        >
                                        <svg
                                          class="cart-plus"
                                          xmlns="http://www.w3.org/2000/svg"
                                          width="32"
                                          height="32"
                                          viewBox="0 0 32 32"
                                        >
                                          <g transform="translate(7 8)">
                                            <path
                                              class="shop-cart"
                                              d="M1.2-.75A1.955,1.955,0,1,1-.75,1.205,1.955,1.955,0,0,1,1.2-.75Zm0,2.933a.978.978,0,1,0-.975-.978A.977.977,0,0,0,1.2,2.183Z"
                                              transform="translate(4.538 12.472)"
                                              fill="#fff"
                                            ></path>
                                            <path
                                              class="shop-cart"
                                              d="M1.2-.75A1.955,1.955,0,1,1-.75,1.205,1.955,1.955,0,0,1,1.2-.75Zm0,2.933a.978.978,0,1,0-.975-.978A.977.977,0,0,0,1.2,2.183Z"
                                              transform="translate(11.921 12.472)"
                                              fill="#fff"
                                            ></path>
                                            <path
                                              class="shop-cart"
                                              d="M13.565,14.786H4.576a2.029,2.029,0,0,1-.935-.314,2.09,2.09,0,0,1-.918-1.892v-8.7L.74,3.024a.489.489,0,0,1,.384-.9L3.4,3.105a.489.489,0,0,1,.3.449V12.58a1.189,1.189,0,0,0,.442,1.05,1.092,1.092,0,0,0,.477.178h8.95a.489.489,0,0,1,0,.978Z"
                                              transform="translate(-0.445 -2.086)"
                                              fill="#fff"
                                            ></path>
                                            <path
                                              class="shop-cart"
                                              d="M15.327,13.591H5.706a.486.486,0,0,1-.078-.006A2.023,2.023,0,0,1,3.95,11.533a.487.487,0,1,1,.975,0,1.014,1.014,0,0,0,.4.877,1.275,1.275,0,0,0,.431.2h9.569c.55,0,.811-.743.87-.939V7.049a.487.487,0,1,1,.975,0v4.691a.49.49,0,0,1-.013.114,3.063,3.063,0,0,1-.351.824A1.716,1.716,0,0,1,15.327,13.591Z"
                                              transform="translate(-1.672 -3.644)"
                                              fill="#fff"
                                            ></path>
                                            <g class="cart-plus-group">
                                              <path
                                                class="cart-plus"
                                                d="M-.263,4.79A.488.488,0,0,1-.75,4.3V-.261A.488.488,0,0,1-.263-.75a.488.488,0,0,1,.487.489V4.3A.488.488,0,0,1-.263,4.79Z"
                                                transform="translate(9.199 1.56)"
                                                fill="#fff"
                                              ></path>
                                              <path
                                                class="cart-plus"
                                                d="M.489,5.524A.488.488,0,0,1,0,5.037V.487a.489.489,0,0,1,.978,0V5.037A.488.488,0,0,1,.489,5.524Z"
                                                transform="translate(11.699 3.091) rotate(90)"
                                                fill="#fff"
                                              ></path>
                                            </g>
                                          </g>
                                        </svg>
                                      </button>

                                      <button
                                        class="debounce-250 button-tile-addToCart action__add-to-cart"
                                        data-errorbox="errorBox"
                                        onclick=""
                                        type="button"
                                        tabindex="0"
                                        data-target="/en/service-and-timeslot/service"
                                        aria-describedby="itemTitle-231361"
                                        aria-label="Add to the shopping cart"
                                      >
                                        <svg
                                          class="cart-plus"
                                          xmlns="http://www.w3.org/2000/svg"
                                          width="32"
                                          height="32"
                                          viewBox="0 0 32 32"
                                        >
                                          <g transform="translate(7 8)">
                                            <path
                                              class="shop-cart"
                                              d="M1.2-.75A1.955,1.955,0,1,1-.75,1.205,1.955,1.955,0,0,1,1.2-.75Zm0,2.933a.978.978,0,1,0-.975-.978A.977.977,0,0,0,1.2,2.183Z"
                                              transform="translate(4.538 12.472)"
                                              fill="#fff"
                                            ></path>
                                            <path
                                              class="shop-cart"
                                              d="M1.2-.75A1.955,1.955,0,1,1-.75,1.205,1.955,1.955,0,0,1,1.2-.75Zm0,2.933a.978.978,0,1,0-.975-.978A.977.977,0,0,0,1.2,2.183Z"
                                              transform="translate(11.921 12.472)"
                                              fill="#fff"
                                            ></path>
                                            <path
                                              class="shop-cart"
                                              d="M13.565,14.786H4.576a2.029,2.029,0,0,1-.935-.314,2.09,2.09,0,0,1-.918-1.892v-8.7L.74,3.024a.489.489,0,0,1,.384-.9L3.4,3.105a.489.489,0,0,1,.3.449V12.58a1.189,1.189,0,0,0,.442,1.05,1.092,1.092,0,0,0,.477.178h8.95a.489.489,0,0,1,0,.978Z"
                                              transform="translate(-0.445 -2.086)"
                                              fill="#fff"
                                            ></path>
                                            <path
                                              class="shop-cart"
                                              d="M15.327,13.591H5.706a.486.486,0,0,1-.078-.006A2.023,2.023,0,0,1,3.95,11.533a.487.487,0,1,1,.975,0,1.014,1.014,0,0,0,.4.877,1.275,1.275,0,0,0,.431.2h9.569c.55,0,.811-.743.87-.939V7.049a.487.487,0,1,1,.975,0v4.691a.49.49,0,0,1-.013.114,3.063,3.063,0,0,1-.351.824A1.716,1.716,0,0,1,15.327,13.591Z"
                                              transform="translate(-1.672 -3.644)"
                                              fill="#fff"
                                            ></path>
                                            <g class="cart-plus-group">
                                              <path
                                                class="cart-plus"
                                                d="M-.263,4.79A.488.488,0,0,1-.75,4.3V-.261A.488.488,0,0,1-.263-.75a.488.488,0,0,1,.487.489V4.3A.488.488,0,0,1-.263,4.79Z"
                                                transform="translate(9.199 1.56)"
                                                fill="#fff"
                                              ></path>
                                              <path
                                                class="cart-plus"
                                                d="M.489,5.524A.488.488,0,0,1,0,5.037V.487a.489.489,0,0,1,.978,0V5.037A.488.488,0,0,1,.489,5.524Z"
                                                transform="translate(11.699 3.091) rotate(90)"
                                                fill="#fff"
                                              ></path>
                                            </g>
                                          </g>
                                        </svg>
                                      </button>
                                    </div>
                                  </div>
                                </div>
                              </div>

                              <div
                                class="default-product-tile tile-product item-addToCart"
                                data-product-code="060085050154"
                                data-unit-increment="1"
                                data-min-qty="1"
                                data-max-qty="12"
                                data-product-deletable="true"
                                data-is-inactive="false"
                                data-product-name="Sliced Prosciutto Ham"
                                data-product-category="Meat &amp; Poultry"
                                data-product-category-id="000001"
                                data-product-brand="San Daniele"
                                data-category-url="/aisles/meat-poultry/pork/ham"
                                data-is="container-tabs"
                                data-substitution-permission="NO"
                                data-age-restriction="false"
                                data-product-alcohol="false"
                              >
                                <div class="pt__visual">
                                  <a
                                    href="https://www.metro.ca/en/online-grocery/aisles/meat-poultry/pork/ham/sliced-prosciutto-ham/p/060085050154"
                                    tabindex="0"
                                    class="product-details-link"
                                  >
                                    <div
                                      class="tag-in-cart pt--image--incart hide"
                                    >
                                      <img
                                        src="./Deli &amp; Prepared Meals _ Metro_files/cart-check.svg"
                                      />
                                      <span class="invisible-text"
                                        >Product is in the cart</span
                                      >
                                    </div>

                                    <div
                                      class="visual__stickers"
                                      data-dimension-8="REG"
                                    ></div>

                                    <picture class="defaultable-picture">
                                      <source
                                        media="(min-width: 730px)"
                                        srcset="
                                          https://product-images.metro.ca/images/ha4/h96/11068886876190.jpg,
                                          https://product-images.metro.ca/images/h53/hf9/11068887859230.jpg 2x
                                        "
                                      />
                                      <source
                                        media="(min-width: 115px)"
                                        srcset="
                                          https://product-images.metro.ca/images/h29/h04/11068887334942.jpg,
                                          https://product-images.metro.ca/images/h59/h62/11068887007262.jpg 2x
                                        "
                                      />

                                      <img
                                        onerror="replaceErrorImageByDefaultImage(this)"
                                        alt="San Daniele Sliced Prosciutto Ham 100 g"
                                        src="./Deli &amp; Prepared Meals _ Metro_files/11068887334942.jpg"
                                        srcset="
                                          https://product-images.metro.ca/images/h29/h04/11068887334942.jpg,
                                          https://product-images.metro.ca/images/h59/h62/11068887007262.jpg 2x
                                        "
                                        data-default="/images/shared/placeholders/icon-no-picture.svg"
                                      />
                                    </picture>
                                  </a>
                                </div>

                                <div class="pt__content">
                                  <div class="pt__content--wrap">
                                    <div class="content__head">
                                      <span class="head__brand">
                                        San Daniele
                                      </span>

                                      <a
                                        href="https://www.metro.ca/en/online-grocery/aisles/meat-poultry/pork/ham/sliced-prosciutto-ham/p/060085050154"
                                        tabindex="0"
                                        class="product-details-link"
                                      >
                                        <div
                                          class="head__title"
                                          id="itemTitle-060085050154"
                                        >
                                          Sliced Prosciutto Ham
                                        </div>

                                        <span class="head__unit-details"
                                          >100 g</span
                                        >
                                      </a>
                                    </div>

                                    <div class="error-summary hide">
                                      <ul>
                                        <li>
                                          <a
                                            href="https://www.metro.ca/en/online-grocery/aisles/deli-prepared-meals?sortOrder=popularity"
                                            class="product-make-choice-error focusOnMySelect hide"
                                            >Specify an option to add the
                                            product to your cart.</a
                                          >
                                        </li>
                                        <li>
                                          <a
                                            href="https://www.metro.ca/en/online-grocery/aisles/deli-prepared-meals?sortOrder=popularity"
                                            class="product-make-choice-cart-starter-error focusOnMySelect hide"
                                            >Specify an option to add the
                                            product to your favourites.</a
                                          >
                                        </li>
                                        <li>
                                          <a
                                            href="https://www.metro.ca/en/online-grocery/aisles/deli-prepared-meals?sortOrder=popularity"
                                            class="product-cart-starter-add-error focusOnMySelect hide"
                                            >An error occurred while adding the
                                            product to your favourites.</a
                                          >
                                        </li>
                                        <li>
                                          <a
                                            href="https://www.metro.ca/en/online-grocery/aisles/deli-prepared-meals?sortOrder=popularity"
                                            class="product-cart-starter-delete-error focusOnMySelect hide"
                                            >An error occurred while deleting
                                            the product.</a
                                          >
                                        </li>
                                        <li>
                                          <a
                                            href="https://www.metro.ca/en/online-grocery/aisles/deli-prepared-meals?sortOrder=popularity"
                                            class="product-cart-update-error focusOnMySelect hide"
                                            >An error occurred while updating
                                            the item in your cart.</a
                                          >
                                        </li>
                                        <li>
                                          <a
                                            href="https://www.metro.ca/en/online-grocery/aisles/deli-prepared-meals?sortOrder=popularity"
                                            class="product-cart-delete-error focusOnMySelect hide"
                                            >An error occurred while deleting
                                            the item in your cart.</a
                                          >
                                        </li>
                                        <li>
                                          <a
                                            href="https://www.metro.ca/en/online-grocery/aisles/deli-prepared-meals?sortOrder=popularity"
                                            class="product-cart-starter-update-error focusOnMySelect hide"
                                            >An error occurred while updating
                                            the product.</a
                                          >
                                        </li>
                                        <li>
                                          <a
                                            href="https://www.metro.ca/en/online-grocery/aisles/deli-prepared-meals?sortOrder=popularity"
                                            class="product-cart-starter-delete-error focusOnMySelect hide"
                                            >An error occurred while deleting
                                            the product.</a
                                          >
                                        </li>
                                        <li>
                                          <a
                                            href="https://www.metro.ca/en/online-grocery/aisles/deli-prepared-meals?sortOrder=popularity"
                                            class="product-age-restriction-cart-starter-error focusOnMySelect hide"
                                            >Please deselect this product.</a
                                          >
                                        </li>
                                      </ul>
                                    </div>

                                    <div class="content__pricing" tabindex="0">
                                      <div data-main-price="6.79">
                                        <div class="pricing__sale-price">
                                          <span class="price-update"
                                            >$6.79</span
                                          >
                                          <span>
                                            &nbsp;<abbr title="Each">ea.</abbr>
                                          </span>
                                        </div>
                                        <div class="pricing__unit-value"></div>

                                        <div class="pricing__secondary-price">
                                          <span
                                            >$6.79 /100<abbr title="Gram"
                                              >g</abbr
                                            ></span
                                          >
                                        </div>
                                      </div>
                                    </div>
                                  </div>

                                  <div class="pt__content--actions">
                                    <div class="actions__cart pt--actions">
                                      <button
                                        type="button"
                                        class="action__favorite addToCartStarter"
                                        onclick="findFlowCartStarter(this);"
                                        tabindex="0"
                                        aria-describedby="itemTitle-060085050154"
                                      >
                                        <svg
                                          xmlns="http://www.w3.org/2000/svg"
                                          width="24.001"
                                          height="24"
                                          viewBox="0 0 24.001 24"
                                        >
                                          <path
                                            d="M19.022,30.288a.734.734,0,0,1-.519-.215L9.66,21.258a8.8,8.8,0,0,1-2.485-4.267A6.723,6.723,0,0,1,13.709,8.75a7.931,7.931,0,0,1,5.284,2.164A7.921,7.921,0,0,1,24.268,8.75,6.744,6.744,0,0,1,30.826,17a8.769,8.769,0,0,1-2.479,4.256l-8.8,8.816a.733.733,0,0,1-.525.217"
                                            transform="translate(-7 -7.75)"
                                            fill="#d81e05"
                                          ></path>
                                        </svg>
                                        <span class="invisible-text"
                                          >Add to your favourites</span
                                        >
                                      </button>

                                      <div
                                        class="invisible-text"
                                        aria-labelledby="added-live--added"
                                        aria-hidden="true"
                                      >
                                        Product added to cart.
                                      </div>

                                      <button
                                        type="button"
                                        class="btn--minus minus-addToCart minus-updateCart action__remove-from-cart lastInCart"
                                        tabindex="-1"
                                        aria-describedby="itemTitle-060085050154"
                                      >
                                        <span class="invisible-text"
                                          >Decrease quantity unavailable</span
                                        >
                                        <svg
                                          xmlns="http://www.w3.org/2000/svg"
                                          width="14.433"
                                          height="16"
                                          viewBox="0 0 14.433 16"
                                        >
                                          <path
                                            class="cart-minus"
                                            d="M.489,5.524A.488.488,0,0,1,0,5.037V.487a.489.489,0,0,1,.978,0V5.037A.488.488,0,0,1,.489,5.524Z"
                                            transform="translate(11.699 3.091) rotate(90)"
                                            fill="#fff"
                                          ></path>
                                          <path
                                            class="cart-delete"
                                            d="M13670.893,14327.75a.5.5,0,0,1-.5-.468l-.923-12.084h-1.215a.505.505,0,0,1,0-1.011h1.641a.548.548,0,0,1,.08,0h2.247v-1.931a.5.5,0,0,1,.5-.507h4.466a.507.507,0,0,1,.5.507v1.931h2.209a.411.411,0,0,1,.069,0h1.709a.505.505,0,0,1,0,1.011h-1.276l-.835,12.08a.5.5,0,0,1-.5.472Zm.465-1.015h7.24l.8-11.537h-8.92Zm5.326-12.548v-1.426h-3.458v1.426Zm-.224,11.268a.5.5,0,0,1-.481-.529l.342-8.009a.5.5,0,1,1,1.007.043l-.344,8.012a.508.508,0,0,1-.5.483Zm-2.99,0a.507.507,0,0,1-.5-.483l-.341-8.012a.5.5,0,1,1,1-.043l.342,8.009a.505.505,0,0,1-.481.529Z"
                                            transform="translate(-13667.75 -14311.75)"
                                            fill="#fff"
                                          ></path>
                                        </svg>
                                      </button>

                                      <p
                                        class="pt__cart-amount"
                                        aria-live="polite"
                                        aria-atomic="true"
                                      >
                                        <span class="qty-addToCart">1</span>
                                      </p>

                                      <button
                                        type="button"
                                        class="btn--plus plus-addToCart plus-updateCart action__add-to-cart"
                                        tabindex="-1"
                                        aria-describedby="itemTitle-060085050154"
                                      >
                                        <span class="invisible-text"
                                          >Increase quantity</span
                                        >
                                        <svg
                                          class="cart-plus"
                                          xmlns="http://www.w3.org/2000/svg"
                                          width="32"
                                          height="32"
                                          viewBox="0 0 32 32"
                                        >
                                          <g transform="translate(7 8)">
                                            <path
                                              class="shop-cart"
                                              d="M1.2-.75A1.955,1.955,0,1,1-.75,1.205,1.955,1.955,0,0,1,1.2-.75Zm0,2.933a.978.978,0,1,0-.975-.978A.977.977,0,0,0,1.2,2.183Z"
                                              transform="translate(4.538 12.472)"
                                              fill="#fff"
                                            ></path>
                                            <path
                                              class="shop-cart"
                                              d="M1.2-.75A1.955,1.955,0,1,1-.75,1.205,1.955,1.955,0,0,1,1.2-.75Zm0,2.933a.978.978,0,1,0-.975-.978A.977.977,0,0,0,1.2,2.183Z"
                                              transform="translate(11.921 12.472)"
                                              fill="#fff"
                                            ></path>
                                            <path
                                              class="shop-cart"
                                              d="M13.565,14.786H4.576a2.029,2.029,0,0,1-.935-.314,2.09,2.09,0,0,1-.918-1.892v-8.7L.74,3.024a.489.489,0,0,1,.384-.9L3.4,3.105a.489.489,0,0,1,.3.449V12.58a1.189,1.189,0,0,0,.442,1.05,1.092,1.092,0,0,0,.477.178h8.95a.489.489,0,0,1,0,.978Z"
                                              transform="translate(-0.445 -2.086)"
                                              fill="#fff"
                                            ></path>
                                            <path
                                              class="shop-cart"
                                              d="M15.327,13.591H5.706a.486.486,0,0,1-.078-.006A2.023,2.023,0,0,1,3.95,11.533a.487.487,0,1,1,.975,0,1.014,1.014,0,0,0,.4.877,1.275,1.275,0,0,0,.431.2h9.569c.55,0,.811-.743.87-.939V7.049a.487.487,0,1,1,.975,0v4.691a.49.49,0,0,1-.013.114,3.063,3.063,0,0,1-.351.824A1.716,1.716,0,0,1,15.327,13.591Z"
                                              transform="translate(-1.672 -3.644)"
                                              fill="#fff"
                                            ></path>
                                            <g class="cart-plus-group">
                                              <path
                                                class="cart-plus"
                                                d="M-.263,4.79A.488.488,0,0,1-.75,4.3V-.261A.488.488,0,0,1-.263-.75a.488.488,0,0,1,.487.489V4.3A.488.488,0,0,1-.263,4.79Z"
                                                transform="translate(9.199 1.56)"
                                                fill="#fff"
                                              ></path>
                                              <path
                                                class="cart-plus"
                                                d="M.489,5.524A.488.488,0,0,1,0,5.037V.487a.489.489,0,0,1,.978,0V5.037A.488.488,0,0,1,.489,5.524Z"
                                                transform="translate(11.699 3.091) rotate(90)"
                                                fill="#fff"
                                              ></path>
                                            </g>
                                          </g>
                                        </svg>
                                      </button>

                                      <button
                                        class="debounce-250 button-tile-addToCart action__add-to-cart"
                                        data-errorbox="errorBox"
                                        onclick=""
                                        type="button"
                                        tabindex="0"
                                        data-target="/en/service-and-timeslot/service"
                                        aria-describedby="itemTitle-060085050154"
                                        aria-label="Add to the shopping cart"
                                      >
                                        <svg
                                          class="cart-plus"
                                          xmlns="http://www.w3.org/2000/svg"
                                          width="32"
                                          height="32"
                                          viewBox="0 0 32 32"
                                        >
                                          <g transform="translate(7 8)">
                                            <path
                                              class="shop-cart"
                                              d="M1.2-.75A1.955,1.955,0,1,1-.75,1.205,1.955,1.955,0,0,1,1.2-.75Zm0,2.933a.978.978,0,1,0-.975-.978A.977.977,0,0,0,1.2,2.183Z"
                                              transform="translate(4.538 12.472)"
                                              fill="#fff"
                                            ></path>
                                            <path
                                              class="shop-cart"
                                              d="M1.2-.75A1.955,1.955,0,1,1-.75,1.205,1.955,1.955,0,0,1,1.2-.75Zm0,2.933a.978.978,0,1,0-.975-.978A.977.977,0,0,0,1.2,2.183Z"
                                              transform="translate(11.921 12.472)"
                                              fill="#fff"
                                            ></path>
                                            <path
                                              class="shop-cart"
                                              d="M13.565,14.786H4.576a2.029,2.029,0,0,1-.935-.314,2.09,2.09,0,0,1-.918-1.892v-8.7L.74,3.024a.489.489,0,0,1,.384-.9L3.4,3.105a.489.489,0,0,1,.3.449V12.58a1.189,1.189,0,0,0,.442,1.05,1.092,1.092,0,0,0,.477.178h8.95a.489.489,0,0,1,0,.978Z"
                                              transform="translate(-0.445 -2.086)"
                                              fill="#fff"
                                            ></path>
                                            <path
                                              class="shop-cart"
                                              d="M15.327,13.591H5.706a.486.486,0,0,1-.078-.006A2.023,2.023,0,0,1,3.95,11.533a.487.487,0,1,1,.975,0,1.014,1.014,0,0,0,.4.877,1.275,1.275,0,0,0,.431.2h9.569c.55,0,.811-.743.87-.939V7.049a.487.487,0,1,1,.975,0v4.691a.49.49,0,0,1-.013.114,3.063,3.063,0,0,1-.351.824A1.716,1.716,0,0,1,15.327,13.591Z"
                                              transform="translate(-1.672 -3.644)"
                                              fill="#fff"
                                            ></path>
                                            <g class="cart-plus-group">
                                              <path
                                                class="cart-plus"
                                                d="M-.263,4.79A.488.488,0,0,1-.75,4.3V-.261A.488.488,0,0,1-.263-.75a.488.488,0,0,1,.487.489V4.3A.488.488,0,0,1-.263,4.79Z"
                                                transform="translate(9.199 1.56)"
                                                fill="#fff"
                                              ></path>
                                              <path
                                                class="cart-plus"
                                                d="M.489,5.524A.488.488,0,0,1,0,5.037V.487a.489.489,0,0,1,.978,0V5.037A.488.488,0,0,1,.489,5.524Z"
                                                transform="translate(11.699 3.091) rotate(90)"
                                                fill="#fff"
                                              ></path>
                                            </g>
                                          </g>
                                        </svg>
                                      </button>
                                    </div>
                                  </div>
                                </div>
                              </div>

                              <div
                                class="mobile-tablet-only exept-three-tiles pl--small-ad mt-4"
                              >
                                <div id="div-gpt-ad-1505251666997-2"></div>
                              </div>

                              <div
                                class="default-product-tile tile-product item-addToCart"
                                data-product-code="231310"
                                data-unit-increment="100"
                                data-min-qty="100"
                                data-max-qty="5000"
                                data-product-deletable="true"
                                data-is-inactive="false"
                                data-product-name="Black Forest Ham"
                                data-product-category="Deli &amp; Prepared Meals"
                                data-product-category-id="000009"
                                data-product-brand="Irresistibles"
                                data-category-url="/aisles/deli-prepared-meals/deli-meats/ham-pork"
                                data-is="container-tabs"
                                data-substitution-permission="NO"
                                data-age-restriction="false"
                                data-product-alcohol="false"
                              >
                                <div class="pt__visual">
                                  <a
                                    href="https://www.metro.ca/en/online-grocery/aisles/deli-prepared-meals/deli-meats/ham-pork/black-forest-ham/p/231310"
                                    tabindex="0"
                                    class="product-details-link"
                                  >
                                    <div
                                      class="tag-in-cart pt--image--incart hide"
                                    >
                                      <img
                                        src="./Deli &amp; Prepared Meals _ Metro_files/cart-check.svg"
                                      />
                                      <span class="invisible-text"
                                        >Product is in the cart</span
                                      >
                                    </div>

                                    <div
                                      class="visual__stickers"
                                      data-dimension-8="REG"
                                    ></div>

                                    <picture class="defaultable-picture">
                                      <source
                                        media="(min-width: 730px)"
                                        srcset="
                                          https://product-images.metro.ca/images/h7e/h2d/9254255755294.jpg,
                                          https://product-images.metro.ca/images/h0d/hf9/9254256672798.jpg 2x
                                        "
                                      />
                                      <source
                                        media="(min-width: 115px)"
                                        srcset="
                                          https://product-images.metro.ca/images/hc0/h0e/9254256148510.jpg,
                                          https://product-images.metro.ca/images/h39/h64/9254255886366.jpg 2x
                                        "
                                      />

                                      <img
                                        onerror="replaceErrorImageByDefaultImage(this)"
                                        alt="Artisan Black Forest Ham "
                                        src="./Deli &amp; Prepared Meals _ Metro_files/9254256148510.jpg"
                                        srcset="
                                          https://product-images.metro.ca/images/hc0/h0e/9254256148510.jpg,
                                          https://product-images.metro.ca/images/h39/h64/9254255886366.jpg 2x
                                        "
                                        data-default="/images/shared/placeholders/icon-no-picture.svg"
                                      />
                                    </picture>
                                  </a>
                                </div>

                                <div class="pt__content">
                                  <div class="pt__content--wrap">
                                    <div class="content__head">
                                      <span class="head__brand">
                                        Irresistibles
                                      </span>

                                      <a
                                        href="https://www.metro.ca/en/online-grocery/aisles/deli-prepared-meals/deli-meats/ham-pork/black-forest-ham/p/231310"
                                        tabindex="0"
                                        class="product-details-link"
                                      >
                                        <div
                                          class="head__title"
                                          id="itemTitle-231310"
                                        >
                                          Black Forest Ham, Artisan
                                        </div>
                                      </a>

                                      <button
                                        type="button"
                                        class="cta-link show-variety btn--displayFlavours"
                                        other-flavours-target="/en/online-grocery/product/flavours/296793?sku=231310"
                                      >
                                        Other varieties
                                      </button>

                                      <div
                                        class="pt-option-select"
                                        tabindex="0"
                                      >
                                        <div class="pi-actions-approx">
                                          <div class="pi--cut-wrapper">
                                            <select
                                              class="pt--cut-select select-addToCart"
                                              name="select_element"
                                              tabindex="0"
                                              data-configuration-code="P02"
                                              aria-label="select your Thickness"
                                            >
                                              <option
                                                value="1"
                                                default-option="true"
                                                aria-label="select your Thickness"
                                              >
                                                Thickness
                                              </option>
                                              <option
                                                value="P0201"
                                                code-id="P0201"
                                                desc="avg. 6 slices / 100 g"
                                                default-option="false"
                                              >
                                                Shaved
                                              </option>
                                              <option
                                                value="P0202"
                                                code-id="P0202"
                                                desc="avg. 3 slices / 100 g"
                                                default-option="false"
                                              >
                                                Thin
                                              </option>
                                              <option
                                                value="P0203"
                                                code-id="P0203"
                                                desc="avg. 2 slices / 100 g"
                                                default-option="false"
                                              >
                                                Regular
                                              </option>
                                            </select>
                                          </div>
                                        </div>

                                        <div
                                          aria-live="polite"
                                          class="pt-approx"
                                        >
                                          <span class="desc-addToCart"></span>
                                        </div>
                                      </div>
                                    </div>

                                    <div class="error-summary hide">
                                      <ul>
                                        <li>
                                          <a
                                            href="https://www.metro.ca/en/online-grocery/aisles/deli-prepared-meals?sortOrder=popularity"
                                            class="product-make-choice-error focusOnMySelect hide"
                                            >Specify an option to add the
                                            product to your cart.</a
                                          >
                                        </li>
                                        <li>
                                          <a
                                            href="https://www.metro.ca/en/online-grocery/aisles/deli-prepared-meals?sortOrder=popularity"
                                            class="product-make-choice-cart-starter-error focusOnMySelect hide"
                                            >Specify an option to add the
                                            product to your favourites.</a
                                          >
                                        </li>
                                        <li>
                                          <a
                                            href="https://www.metro.ca/en/online-grocery/aisles/deli-prepared-meals?sortOrder=popularity"
                                            class="product-cart-starter-add-error focusOnMySelect hide"
                                            >An error occurred while adding the
                                            product to your favourites.</a
                                          >
                                        </li>
                                        <li>
                                          <a
                                            href="https://www.metro.ca/en/online-grocery/aisles/deli-prepared-meals?sortOrder=popularity"
                                            class="product-cart-starter-delete-error focusOnMySelect hide"
                                            >An error occurred while deleting
                                            the product.</a
                                          >
                                        </li>
                                        <li>
                                          <a
                                            href="https://www.metro.ca/en/online-grocery/aisles/deli-prepared-meals?sortOrder=popularity"
                                            class="product-cart-update-error focusOnMySelect hide"
                                            >An error occurred while updating
                                            the item in your cart.</a
                                          >
                                        </li>
                                        <li>
                                          <a
                                            href="https://www.metro.ca/en/online-grocery/aisles/deli-prepared-meals?sortOrder=popularity"
                                            class="product-cart-delete-error focusOnMySelect hide"
                                            >An error occurred while deleting
                                            the item in your cart.</a
                                          >
                                        </li>
                                        <li>
                                          <a
                                            href="https://www.metro.ca/en/online-grocery/aisles/deli-prepared-meals?sortOrder=popularity"
                                            class="product-cart-starter-update-error focusOnMySelect hide"
                                            >An error occurred while updating
                                            the product.</a
                                          >
                                        </li>
                                        <li>
                                          <a
                                            href="https://www.metro.ca/en/online-grocery/aisles/deli-prepared-meals?sortOrder=popularity"
                                            class="product-cart-starter-delete-error focusOnMySelect hide"
                                            >An error occurred while deleting
                                            the product.</a
                                          >
                                        </li>
                                        <li>
                                          <a
                                            href="https://www.metro.ca/en/online-grocery/aisles/deli-prepared-meals?sortOrder=popularity"
                                            class="product-age-restriction-cart-starter-error focusOnMySelect hide"
                                            >Please deselect this product.</a
                                          >
                                        </li>
                                      </ul>
                                    </div>

                                    <div class="content__pricing" tabindex="0">
                                      <div
                                        data-main-price="3.59"
                                        data-variant-price="100g"
                                      >
                                        <div class="pricing__sale-price">
                                          <span class="price-update"
                                            >$3.59</span
                                          >
                                          <span>
                                            &nbsp;/ 100
                                            <abbr title="Gram">g</abbr>
                                          </span>
                                        </div>
                                        <div class="pricing__unit-value"></div>

                                        <div class="pricing__secondary-price">
                                          <span
                                            >$35.90 /<abbr title="Kilogram"
                                              >kg</abbr
                                            ></span
                                          ><span
                                            >$16.28 /<abbr title="Pound"
                                              >lb.</abbr
                                            ></span
                                          >
                                        </div>
                                      </div>
                                    </div>
                                  </div>

                                  <div class="pt__content--actions">
                                    <div class="actions__cart pt--actions">
                                      <button
                                        type="button"
                                        class="action__favorite addToCartStarter"
                                        onclick="findFlowCartStarter(this);"
                                        tabindex="0"
                                        aria-describedby="itemTitle-231310"
                                      >
                                        <svg
                                          xmlns="http://www.w3.org/2000/svg"
                                          width="24.001"
                                          height="24"
                                          viewBox="0 0 24.001 24"
                                        >
                                          <path
                                            d="M19.022,30.288a.734.734,0,0,1-.519-.215L9.66,21.258a8.8,8.8,0,0,1-2.485-4.267A6.723,6.723,0,0,1,13.709,8.75a7.931,7.931,0,0,1,5.284,2.164A7.921,7.921,0,0,1,24.268,8.75,6.744,6.744,0,0,1,30.826,17a8.769,8.769,0,0,1-2.479,4.256l-8.8,8.816a.733.733,0,0,1-.525.217"
                                            transform="translate(-7 -7.75)"
                                            fill="#d81e05"
                                          ></path>
                                        </svg>
                                        <span class="invisible-text"
                                          >Add to your favourites</span
                                        >
                                      </button>

                                      <div
                                        class="invisible-text"
                                        aria-labelledby="added-live--added"
                                        aria-hidden="true"
                                      >
                                        Product added to cart.
                                      </div>

                                      <button
                                        type="button"
                                        class="btn--minus minus-addToCart minus-updateCart action__remove-from-cart lastInCart"
                                        tabindex="-1"
                                        aria-describedby="itemTitle-231310"
                                      >
                                        <span class="invisible-text"
                                          >Decrease quantity unavailable</span
                                        >
                                        <svg
                                          xmlns="http://www.w3.org/2000/svg"
                                          width="14.433"
                                          height="16"
                                          viewBox="0 0 14.433 16"
                                        >
                                          <path
                                            class="cart-minus"
                                            d="M.489,5.524A.488.488,0,0,1,0,5.037V.487a.489.489,0,0,1,.978,0V5.037A.488.488,0,0,1,.489,5.524Z"
                                            transform="translate(11.699 3.091) rotate(90)"
                                            fill="#fff"
                                          ></path>
                                          <path
                                            class="cart-delete"
                                            d="M13670.893,14327.75a.5.5,0,0,1-.5-.468l-.923-12.084h-1.215a.505.505,0,0,1,0-1.011h1.641a.548.548,0,0,1,.08,0h2.247v-1.931a.5.5,0,0,1,.5-.507h4.466a.507.507,0,0,1,.5.507v1.931h2.209a.411.411,0,0,1,.069,0h1.709a.505.505,0,0,1,0,1.011h-1.276l-.835,12.08a.5.5,0,0,1-.5.472Zm.465-1.015h7.24l.8-11.537h-8.92Zm5.326-12.548v-1.426h-3.458v1.426Zm-.224,11.268a.5.5,0,0,1-.481-.529l.342-8.009a.5.5,0,1,1,1.007.043l-.344,8.012a.508.508,0,0,1-.5.483Zm-2.99,0a.507.507,0,0,1-.5-.483l-.341-8.012a.5.5,0,1,1,1-.043l.342,8.009a.505.505,0,0,1-.481.529Z"
                                            transform="translate(-13667.75 -14311.75)"
                                            fill="#fff"
                                          ></path>
                                        </svg>
                                      </button>

                                      <p
                                        class="pt__cart-amount"
                                        aria-live="polite"
                                        aria-atomic="true"
                                      >
                                        <span class="qty-addToCart qty-long-txt"
                                          >100</span
                                        >
                                        <span class="qty-unit qty-long-txt"
                                          >&nbsp;<abbr title="Gram"
                                            >g</abbr
                                          ></span
                                        >
                                      </p>

                                      <button
                                        type="button"
                                        class="btn--plus plus-addToCart plus-updateCart action__add-to-cart"
                                        tabindex="-1"
                                        aria-describedby="itemTitle-231310"
                                      >
                                        <span class="invisible-text"
                                          >Increase quantity</span
                                        >
                                        <svg
                                          class="cart-plus"
                                          xmlns="http://www.w3.org/2000/svg"
                                          width="32"
                                          height="32"
                                          viewBox="0 0 32 32"
                                        >
                                          <g transform="translate(7 8)">
                                            <path
                                              class="shop-cart"
                                              d="M1.2-.75A1.955,1.955,0,1,1-.75,1.205,1.955,1.955,0,0,1,1.2-.75Zm0,2.933a.978.978,0,1,0-.975-.978A.977.977,0,0,0,1.2,2.183Z"
                                              transform="translate(4.538 12.472)"
                                              fill="#fff"
                                            ></path>
                                            <path
                                              class="shop-cart"
                                              d="M1.2-.75A1.955,1.955,0,1,1-.75,1.205,1.955,1.955,0,0,1,1.2-.75Zm0,2.933a.978.978,0,1,0-.975-.978A.977.977,0,0,0,1.2,2.183Z"
                                              transform="translate(11.921 12.472)"
                                              fill="#fff"
                                            ></path>
                                            <path
                                              class="shop-cart"
                                              d="M13.565,14.786H4.576a2.029,2.029,0,0,1-.935-.314,2.09,2.09,0,0,1-.918-1.892v-8.7L.74,3.024a.489.489,0,0,1,.384-.9L3.4,3.105a.489.489,0,0,1,.3.449V12.58a1.189,1.189,0,0,0,.442,1.05,1.092,1.092,0,0,0,.477.178h8.95a.489.489,0,0,1,0,.978Z"
                                              transform="translate(-0.445 -2.086)"
                                              fill="#fff"
                                            ></path>
                                            <path
                                              class="shop-cart"
                                              d="M15.327,13.591H5.706a.486.486,0,0,1-.078-.006A2.023,2.023,0,0,1,3.95,11.533a.487.487,0,1,1,.975,0,1.014,1.014,0,0,0,.4.877,1.275,1.275,0,0,0,.431.2h9.569c.55,0,.811-.743.87-.939V7.049a.487.487,0,1,1,.975,0v4.691a.49.49,0,0,1-.013.114,3.063,3.063,0,0,1-.351.824A1.716,1.716,0,0,1,15.327,13.591Z"
                                              transform="translate(-1.672 -3.644)"
                                              fill="#fff"
                                            ></path>
                                            <g class="cart-plus-group">
                                              <path
                                                class="cart-plus"
                                                d="M-.263,4.79A.488.488,0,0,1-.75,4.3V-.261A.488.488,0,0,1-.263-.75a.488.488,0,0,1,.487.489V4.3A.488.488,0,0,1-.263,4.79Z"
                                                transform="translate(9.199 1.56)"
                                                fill="#fff"
                                              ></path>
                                              <path
                                                class="cart-plus"
                                                d="M.489,5.524A.488.488,0,0,1,0,5.037V.487a.489.489,0,0,1,.978,0V5.037A.488.488,0,0,1,.489,5.524Z"
                                                transform="translate(11.699 3.091) rotate(90)"
                                                fill="#fff"
                                              ></path>
                                            </g>
                                          </g>
                                        </svg>
                                      </button>

                                      <button
                                        class="debounce-250 button-tile-addToCart action__add-to-cart"
                                        data-errorbox="errorBox"
                                        onclick=""
                                        type="button"
                                        tabindex="0"
                                        data-target="/en/service-and-timeslot/service"
                                        aria-describedby="itemTitle-231310"
                                        aria-label="Add to the shopping cart"
                                      >
                                        <svg
                                          class="cart-plus"
                                          xmlns="http://www.w3.org/2000/svg"
                                          width="32"
                                          height="32"
                                          viewBox="0 0 32 32"
                                        >
                                          <g transform="translate(7 8)">
                                            <path
                                              class="shop-cart"
                                              d="M1.2-.75A1.955,1.955,0,1,1-.75,1.205,1.955,1.955,0,0,1,1.2-.75Zm0,2.933a.978.978,0,1,0-.975-.978A.977.977,0,0,0,1.2,2.183Z"
                                              transform="translate(4.538 12.472)"
                                              fill="#fff"
                                            ></path>
                                            <path
                                              class="shop-cart"
                                              d="M1.2-.75A1.955,1.955,0,1,1-.75,1.205,1.955,1.955,0,0,1,1.2-.75Zm0,2.933a.978.978,0,1,0-.975-.978A.977.977,0,0,0,1.2,2.183Z"
                                              transform="translate(11.921 12.472)"
                                              fill="#fff"
                                            ></path>
                                            <path
                                              class="shop-cart"
                                              d="M13.565,14.786H4.576a2.029,2.029,0,0,1-.935-.314,2.09,2.09,0,0,1-.918-1.892v-8.7L.74,3.024a.489.489,0,0,1,.384-.9L3.4,3.105a.489.489,0,0,1,.3.449V12.58a1.189,1.189,0,0,0,.442,1.05,1.092,1.092,0,0,0,.477.178h8.95a.489.489,0,0,1,0,.978Z"
                                              transform="translate(-0.445 -2.086)"
                                              fill="#fff"
                                            ></path>
                                            <path
                                              class="shop-cart"
                                              d="M15.327,13.591H5.706a.486.486,0,0,1-.078-.006A2.023,2.023,0,0,1,3.95,11.533a.487.487,0,1,1,.975,0,1.014,1.014,0,0,0,.4.877,1.275,1.275,0,0,0,.431.2h9.569c.55,0,.811-.743.87-.939V7.049a.487.487,0,1,1,.975,0v4.691a.49.49,0,0,1-.013.114,3.063,3.063,0,0,1-.351.824A1.716,1.716,0,0,1,15.327,13.591Z"
                                              transform="translate(-1.672 -3.644)"
                                              fill="#fff"
                                            ></path>
                                            <g class="cart-plus-group">
                                              <path
                                                class="cart-plus"
                                                d="M-.263,4.79A.488.488,0,0,1-.75,4.3V-.261A.488.488,0,0,1-.263-.75a.488.488,0,0,1,.487.489V4.3A.488.488,0,0,1-.263,4.79Z"
                                                transform="translate(9.199 1.56)"
                                                fill="#fff"
                                              ></path>
                                              <path
                                                class="cart-plus"
                                                d="M.489,5.524A.488.488,0,0,1,0,5.037V.487a.489.489,0,0,1,.978,0V5.037A.488.488,0,0,1,.489,5.524Z"
                                                transform="translate(11.699 3.091) rotate(90)"
                                                fill="#fff"
                                              ></path>
                                            </g>
                                          </g>
                                        </svg>
                                      </button>
                                    </div>
                                  </div>
                                </div>
                              </div>

                              <div
                                class="default-product-tile tile-product item-addToCart"
                                data-product-code="233826"
                                data-unit-increment="100"
                                data-min-qty="100"
                                data-max-qty="5000"
                                data-product-deletable="true"
                                data-is-inactive="false"
                                data-product-name="White Ham"
                                data-product-category="Deli &amp; Prepared Meals"
                                data-product-category-id="000009"
                                data-product-brand="PremiÃ¨re Moisson"
                                data-category-url="/aisles/deli-prepared-meals/deli-meats/ham-pork"
                                data-is="container-tabs"
                                data-substitution-permission="NO"
                                data-age-restriction="false"
                                data-product-alcohol="false"
                              >
                                <div class="pt__visual">
                                  <a
                                    href="https://www.metro.ca/en/online-grocery/aisles/deli-prepared-meals/deli-meats/ham-pork/white-ham/p/233826"
                                    tabindex="0"
                                    class="product-details-link"
                                  >
                                    <div
                                      class="tag-in-cart pt--image--incart hide"
                                    >
                                      <img
                                        src="./Deli &amp; Prepared Meals _ Metro_files/cart-check.svg"
                                      />
                                      <span class="invisible-text"
                                        >Product is in the cart</span
                                      >
                                    </div>

                                    <div
                                      class="visual__stickers"
                                      data-dimension-8="REG"
                                    ></div>

                                    <picture class="defaultable-picture">
                                      <source
                                        media="(min-width: 730px)"
                                        srcset="
                                          https://product-images.metro.ca/images/hb9/h5d/10469966315550.jpg,
                                          https://product-images.metro.ca/images/ha9/h79/10469967200286.jpg 2x
                                        "
                                      />
                                      <source
                                        media="(min-width: 115px)"
                                        srcset="
                                          https://product-images.metro.ca/images/h03/h9d/10469966708766.jpg,
                                          https://product-images.metro.ca/images/h2a/ha2/10469966512158.jpg 2x
                                        "
                                      />

                                      <img
                                        onerror="replaceErrorImageByDefaultImage(this)"
                                        alt="PremiÃ¨re Moisson White Ham "
                                        src="./Deli &amp; Prepared Meals _ Metro_files/10469966708766.jpg"
                                        srcset="
                                          https://product-images.metro.ca/images/h03/h9d/10469966708766.jpg,
                                          https://product-images.metro.ca/images/h2a/ha2/10469966512158.jpg 2x
                                        "
                                        data-default="/images/shared/placeholders/icon-no-picture.svg"
                                      />
                                    </picture>
                                  </a>
                                </div>

                                <div class="pt__content">
                                  <div class="pt__content--wrap">
                                    <div class="content__head">
                                      <span class="head__brand">
                                        PremiÃ¨re Moisson
                                      </span>

                                      <a
                                        href="https://www.metro.ca/en/online-grocery/aisles/deli-prepared-meals/deli-meats/ham-pork/white-ham/p/233826"
                                        tabindex="0"
                                        class="product-details-link"
                                      >
                                        <div
                                          class="head__title"
                                          id="itemTitle-233826"
                                        >
                                          White Ham
                                        </div>
                                      </a>

                                      <div
                                        class="pt-option-select"
                                        tabindex="0"
                                      >
                                        <div class="pi-actions-approx">
                                          <div class="pi--cut-wrapper">
                                            <select
                                              class="pt--cut-select select-addToCart"
                                              name="select_element"
                                              tabindex="0"
                                              data-configuration-code="P02"
                                              aria-label="select your Thickness"
                                            >
                                              <option
                                                value="1"
                                                default-option="true"
                                                aria-label="select your Thickness"
                                              >
                                                Thickness
                                              </option>
                                              <option
                                                value="P0201"
                                                code-id="P0201"
                                                desc="avg. 6 slices / 100 g"
                                                default-option="false"
                                              >
                                                Shaved
                                              </option>
                                              <option
                                                value="P0202"
                                                code-id="P0202"
                                                desc="avg. 4 slices / 100 g"
                                                default-option="false"
                                              >
                                                Thin
                                              </option>
                                              <option
                                                value="P0203"
                                                code-id="P0203"
                                                desc="avg. 2 slices / 100 g"
                                                default-option="false"
                                              >
                                                Regular
                                              </option>
                                            </select>
                                          </div>
                                        </div>

                                        <div
                                          aria-live="polite"
                                          class="pt-approx"
                                        >
                                          <span class="desc-addToCart"></span>
                                        </div>
                                      </div>
                                    </div>

                                    <div class="error-summary hide">
                                      <ul>
                                        <li>
                                          <a
                                            href="https://www.metro.ca/en/online-grocery/aisles/deli-prepared-meals?sortOrder=popularity"
                                            class="product-make-choice-error focusOnMySelect hide"
                                            >Specify an option to add the
                                            product to your cart.</a
                                          >
                                        </li>
                                        <li>
                                          <a
                                            href="https://www.metro.ca/en/online-grocery/aisles/deli-prepared-meals?sortOrder=popularity"
                                            class="product-make-choice-cart-starter-error focusOnMySelect hide"
                                            >Specify an option to add the
                                            product to your favourites.</a
                                          >
                                        </li>
                                        <li>
                                          <a
                                            href="https://www.metro.ca/en/online-grocery/aisles/deli-prepared-meals?sortOrder=popularity"
                                            class="product-cart-starter-add-error focusOnMySelect hide"
                                            >An error occurred while adding the
                                            product to your favourites.</a
                                          >
                                        </li>
                                        <li>
                                          <a
                                            href="https://www.metro.ca/en/online-grocery/aisles/deli-prepared-meals?sortOrder=popularity"
                                            class="product-cart-starter-delete-error focusOnMySelect hide"
                                            >An error occurred while deleting
                                            the product.</a
                                          >
                                        </li>
                                        <li>
                                          <a
                                            href="https://www.metro.ca/en/online-grocery/aisles/deli-prepared-meals?sortOrder=popularity"
                                            class="product-cart-update-error focusOnMySelect hide"
                                            >An error occurred while updating
                                            the item in your cart.</a
                                          >
                                        </li>
                                        <li>
                                          <a
                                            href="https://www.metro.ca/en/online-grocery/aisles/deli-prepared-meals?sortOrder=popularity"
                                            class="product-cart-delete-error focusOnMySelect hide"
                                            >An error occurred while deleting
                                            the item in your cart.</a
                                          >
                                        </li>
                                        <li>
                                          <a
                                            href="https://www.metro.ca/en/online-grocery/aisles/deli-prepared-meals?sortOrder=popularity"
                                            class="product-cart-starter-update-error focusOnMySelect hide"
                                            >An error occurred while updating
                                            the product.</a
                                          >
                                        </li>
                                        <li>
                                          <a
                                            href="https://www.metro.ca/en/online-grocery/aisles/deli-prepared-meals?sortOrder=popularity"
                                            class="product-cart-starter-delete-error focusOnMySelect hide"
                                            >An error occurred while deleting
                                            the product.</a
                                          >
                                        </li>
                                        <li>
                                          <a
                                            href="https://www.metro.ca/en/online-grocery/aisles/deli-prepared-meals?sortOrder=popularity"
                                            class="product-age-restriction-cart-starter-error focusOnMySelect hide"
                                            >Please deselect this product.</a
                                          >
                                        </li>
                                      </ul>
                                    </div>

                                    <div class="content__pricing" tabindex="0">
                                      <div
                                        data-main-price="3.99"
                                        data-variant-price="100g"
                                      >
                                        <div class="pricing__sale-price">
                                          <span class="price-update"
                                            >$3.99</span
                                          >
                                          <span>
                                            &nbsp;/ 100
                                            <abbr title="Gram">g</abbr>
                                          </span>
                                        </div>
                                        <div class="pricing__unit-value"></div>

                                        <div class="pricing__secondary-price">
                                          <span
                                            >$39.90 /<abbr title="Kilogram"
                                              >kg</abbr
                                            ></span
                                          ><span
                                            >$18.10 /<abbr title="Pound"
                                              >lb.</abbr
                                            ></span
                                          >
                                        </div>
                                      </div>
                                    </div>
                                  </div>

                                  <div class="pt__content--actions">
                                    <div class="actions__cart pt--actions">
                                      <button
                                        type="button"
                                        class="action__favorite addToCartStarter"
                                        onclick="findFlowCartStarter(this);"
                                        tabindex="0"
                                        aria-describedby="itemTitle-233826"
                                      >
                                        <svg
                                          xmlns="http://www.w3.org/2000/svg"
                                          width="24.001"
                                          height="24"
                                          viewBox="0 0 24.001 24"
                                        >
                                          <path
                                            d="M19.022,30.288a.734.734,0,0,1-.519-.215L9.66,21.258a8.8,8.8,0,0,1-2.485-4.267A6.723,6.723,0,0,1,13.709,8.75a7.931,7.931,0,0,1,5.284,2.164A7.921,7.921,0,0,1,24.268,8.75,6.744,6.744,0,0,1,30.826,17a8.769,8.769,0,0,1-2.479,4.256l-8.8,8.816a.733.733,0,0,1-.525.217"
                                            transform="translate(-7 -7.75)"
                                            fill="#d81e05"
                                          ></path>
                                        </svg>
                                        <span class="invisible-text"
                                          >Add to your favourites</span
                                        >
                                      </button>

                                      <div
                                        class="invisible-text"
                                        aria-labelledby="added-live--added"
                                        aria-hidden="true"
                                      >
                                        Product added to cart.
                                      </div>

                                      <button
                                        type="button"
                                        class="btn--minus minus-addToCart minus-updateCart action__remove-from-cart lastInCart"
                                        tabindex="-1"
                                        aria-describedby="itemTitle-233826"
                                      >
                                        <span class="invisible-text"
                                          >Decrease quantity unavailable</span
                                        >
                                        <svg
                                          xmlns="http://www.w3.org/2000/svg"
                                          width="14.433"
                                          height="16"
                                          viewBox="0 0 14.433 16"
                                        >
                                          <path
                                            class="cart-minus"
                                            d="M.489,5.524A.488.488,0,0,1,0,5.037V.487a.489.489,0,0,1,.978,0V5.037A.488.488,0,0,1,.489,5.524Z"
                                            transform="translate(11.699 3.091) rotate(90)"
                                            fill="#fff"
                                          ></path>
                                          <path
                                            class="cart-delete"
                                            d="M13670.893,14327.75a.5.5,0,0,1-.5-.468l-.923-12.084h-1.215a.505.505,0,0,1,0-1.011h1.641a.548.548,0,0,1,.08,0h2.247v-1.931a.5.5,0,0,1,.5-.507h4.466a.507.507,0,0,1,.5.507v1.931h2.209a.411.411,0,0,1,.069,0h1.709a.505.505,0,0,1,0,1.011h-1.276l-.835,12.08a.5.5,0,0,1-.5.472Zm.465-1.015h7.24l.8-11.537h-8.92Zm5.326-12.548v-1.426h-3.458v1.426Zm-.224,11.268a.5.5,0,0,1-.481-.529l.342-8.009a.5.5,0,1,1,1.007.043l-.344,8.012a.508.508,0,0,1-.5.483Zm-2.99,0a.507.507,0,0,1-.5-.483l-.341-8.012a.5.5,0,1,1,1-.043l.342,8.009a.505.505,0,0,1-.481.529Z"
                                            transform="translate(-13667.75 -14311.75)"
                                            fill="#fff"
                                          ></path>
                                        </svg>
                                      </button>

                                      <p
                                        class="pt__cart-amount"
                                        aria-live="polite"
                                        aria-atomic="true"
                                      >
                                        <span class="qty-addToCart qty-long-txt"
                                          >100</span
                                        >
                                        <span class="qty-unit qty-long-txt"
                                          >&nbsp;<abbr title="Gram"
                                            >g</abbr
                                          ></span
                                        >
                                      </p>

                                      <button
                                        type="button"
                                        class="btn--plus plus-addToCart plus-updateCart action__add-to-cart"
                                        tabindex="-1"
                                        aria-describedby="itemTitle-233826"
                                      >
                                        <span class="invisible-text"
                                          >Increase quantity</span
                                        >
                                        <svg
                                          class="cart-plus"
                                          xmlns="http://www.w3.org/2000/svg"
                                          width="32"
                                          height="32"
                                          viewBox="0 0 32 32"
                                        >
                                          <g transform="translate(7 8)">
                                            <path
                                              class="shop-cart"
                                              d="M1.2-.75A1.955,1.955,0,1,1-.75,1.205,1.955,1.955,0,0,1,1.2-.75Zm0,2.933a.978.978,0,1,0-.975-.978A.977.977,0,0,0,1.2,2.183Z"
                                              transform="translate(4.538 12.472)"
                                              fill="#fff"
                                            ></path>
                                            <path
                                              class="shop-cart"
                                              d="M1.2-.75A1.955,1.955,0,1,1-.75,1.205,1.955,1.955,0,0,1,1.2-.75Zm0,2.933a.978.978,0,1,0-.975-.978A.977.977,0,0,0,1.2,2.183Z"
                                              transform="translate(11.921 12.472)"
                                              fill="#fff"
                                            ></path>
                                            <path
                                              class="shop-cart"
                                              d="M13.565,14.786H4.576a2.029,2.029,0,0,1-.935-.314,2.09,2.09,0,0,1-.918-1.892v-8.7L.74,3.024a.489.489,0,0,1,.384-.9L3.4,3.105a.489.489,0,0,1,.3.449V12.58a1.189,1.189,0,0,0,.442,1.05,1.092,1.092,0,0,0,.477.178h8.95a.489.489,0,0,1,0,.978Z"
                                              transform="translate(-0.445 -2.086)"
                                              fill="#fff"
                                            ></path>
                                            <path
                                              class="shop-cart"
                                              d="M15.327,13.591H5.706a.486.486,0,0,1-.078-.006A2.023,2.023,0,0,1,3.95,11.533a.487.487,0,1,1,.975,0,1.014,1.014,0,0,0,.4.877,1.275,1.275,0,0,0,.431.2h9.569c.55,0,.811-.743.87-.939V7.049a.487.487,0,1,1,.975,0v4.691a.49.49,0,0,1-.013.114,3.063,3.063,0,0,1-.351.824A1.716,1.716,0,0,1,15.327,13.591Z"
                                              transform="translate(-1.672 -3.644)"
                                              fill="#fff"
                                            ></path>
                                            <g class="cart-plus-group">
                                              <path
                                                class="cart-plus"
                                                d="M-.263,4.79A.488.488,0,0,1-.75,4.3V-.261A.488.488,0,0,1-.263-.75a.488.488,0,0,1,.487.489V4.3A.488.488,0,0,1-.263,4.79Z"
                                                transform="translate(9.199 1.56)"
                                                fill="#fff"
                                              ></path>
                                              <path
                                                class="cart-plus"
                                                d="M.489,5.524A.488.488,0,0,1,0,5.037V.487a.489.489,0,0,1,.978,0V5.037A.488.488,0,0,1,.489,5.524Z"
                                                transform="translate(11.699 3.091) rotate(90)"
                                                fill="#fff"
                                              ></path>
                                            </g>
                                          </g>
                                        </svg>
                                      </button>

                                      <button
                                        class="debounce-250 button-tile-addToCart action__add-to-cart"
                                        data-errorbox="errorBox"
                                        onclick=""
                                        type="button"
                                        tabindex="0"
                                        data-target="/en/service-and-timeslot/service"
                                        aria-describedby="itemTitle-233826"
                                        aria-label="Add to the shopping cart"
                                      >
                                        <svg
                                          class="cart-plus"
                                          xmlns="http://www.w3.org/2000/svg"
                                          width="32"
                                          height="32"
                                          viewBox="0 0 32 32"
                                        >
                                          <g transform="translate(7 8)">
                                            <path
                                              class="shop-cart"
                                              d="M1.2-.75A1.955,1.955,0,1,1-.75,1.205,1.955,1.955,0,0,1,1.2-.75Zm0,2.933a.978.978,0,1,0-.975-.978A.977.977,0,0,0,1.2,2.183Z"
                                              transform="translate(4.538 12.472)"
                                              fill="#fff"
                                            ></path>
                                            <path
                                              class="shop-cart"
                                              d="M1.2-.75A1.955,1.955,0,1,1-.75,1.205,1.955,1.955,0,0,1,1.2-.75Zm0,2.933a.978.978,0,1,0-.975-.978A.977.977,0,0,0,1.2,2.183Z"
                                              transform="translate(11.921 12.472)"
                                              fill="#fff"
                                            ></path>
                                            <path
                                              class="shop-cart"
                                              d="M13.565,14.786H4.576a2.029,2.029,0,0,1-.935-.314,2.09,2.09,0,0,1-.918-1.892v-8.7L.74,3.024a.489.489,0,0,1,.384-.9L3.4,3.105a.489.489,0,0,1,.3.449V12.58a1.189,1.189,0,0,0,.442,1.05,1.092,1.092,0,0,0,.477.178h8.95a.489.489,0,0,1,0,.978Z"
                                              transform="translate(-0.445 -2.086)"
                                              fill="#fff"
                                            ></path>
                                            <path
                                              class="shop-cart"
                                              d="M15.327,13.591H5.706a.486.486,0,0,1-.078-.006A2.023,2.023,0,0,1,3.95,11.533a.487.487,0,1,1,.975,0,1.014,1.014,0,0,0,.4.877,1.275,1.275,0,0,0,.431.2h9.569c.55,0,.811-.743.87-.939V7.049a.487.487,0,1,1,.975,0v4.691a.49.49,0,0,1-.013.114,3.063,3.063,0,0,1-.351.824A1.716,1.716,0,0,1,15.327,13.591Z"
                                              transform="translate(-1.672 -3.644)"
                                              fill="#fff"
                                            ></path>
                                            <g class="cart-plus-group">
                                              <path
                                                class="cart-plus"
                                                d="M-.263,4.79A.488.488,0,0,1-.75,4.3V-.261A.488.488,0,0,1-.263-.75a.488.488,0,0,1,.487.489V4.3A.488.488,0,0,1-.263,4.79Z"
                                                transform="translate(9.199 1.56)"
                                                fill="#fff"
                                              ></path>
                                              <path
                                                class="cart-plus"
                                                d="M.489,5.524A.488.488,0,0,1,0,5.037V.487a.489.489,0,0,1,.978,0V5.037A.488.488,0,0,1,.489,5.524Z"
                                                transform="translate(11.699 3.091) rotate(90)"
                                                fill="#fff"
                                              ></path>
                                            </g>
                                          </g>
                                        </svg>
                                      </button>
                                    </div>
                                  </div>
                                </div>
                              </div>

                              <div class="three-tiles-only pl--small-ad mt-4">
                                <div id="div-gpt-ad-1505251666997-1"></div>
                              </div>

                              <div
                                class="default-product-tile tile-product item-addToCart"
                                data-product-code="225386"
                                data-unit-increment="100"
                                data-min-qty="100"
                                data-max-qty="5000"
                                data-product-deletable="true"
                                data-is-inactive="false"
                                data-product-name="Mock Chicken"
                                data-product-category="Deli &amp; Prepared Meals"
                                data-product-category-id="000009"
                                data-product-brand="GaspÃ©sien"
                                data-category-url="/aisles/deli-prepared-meals/deli-meats/turkey-chicken"
                                data-is="container-tabs"
                                data-substitution-permission="NO"
                                data-age-restriction="false"
                                data-product-alcohol="false"
                              >
                                <div class="pt__visual">
                                  <a
                                    href="https://www.metro.ca/en/online-grocery/aisles/deli-prepared-meals/deli-meats/turkey-chicken/mock-chicken/p/225386"
                                    tabindex="0"
                                    class="product-details-link"
                                  >
                                    <div
                                      class="tag-in-cart pt--image--incart hide"
                                    >
                                      <img
                                        src="./Deli &amp; Prepared Meals _ Metro_files/cart-check.svg"
                                      />
                                      <span class="invisible-text"
                                        >Product is in the cart</span
                                      >
                                    </div>

                                    <div
                                      class="visual__stickers"
                                      data-dimension-8="REG"
                                    ></div>

                                    <picture class="defaultable-picture">
                                      <source
                                        media="(min-width: 730px)"
                                        srcset="
                                          https://product-images.metro.ca/images/h1c/he6/8825507872798.jpg,
                                          https://product-images.metro.ca/images/h5a/h8a/8825508659230.jpg 2x
                                        "
                                      />
                                      <source
                                        media="(min-width: 115px)"
                                        srcset="
                                          https://product-images.metro.ca/images/h06/h63/8825508200478.jpg,
                                          https://product-images.metro.ca/images/h95/h1e/8825508003870.jpg 2x
                                        "
                                      />

                                      <img
                                        onerror="replaceErrorImageByDefaultImage(this)"
                                        alt="GaspÃ©sien Mock Chicken "
                                        src="./Deli &amp; Prepared Meals _ Metro_files/8825508200478.jpg"
                                        srcset="
                                          https://product-images.metro.ca/images/h06/h63/8825508200478.jpg,
                                          https://product-images.metro.ca/images/h95/h1e/8825508003870.jpg 2x
                                        "
                                        data-default="/images/shared/placeholders/icon-no-picture.svg"
                                      />
                                    </picture>
                                  </a>
                                </div>

                                <div class="pt__content">
                                  <div class="pt__content--wrap">
                                    <div class="content__head">
                                      <span class="head__brand">
                                        GaspÃ©sien
                                      </span>

                                      <a
                                        href="https://www.metro.ca/en/online-grocery/aisles/deli-prepared-meals/deli-meats/turkey-chicken/mock-chicken/p/225386"
                                        tabindex="0"
                                        class="product-details-link"
                                      >
                                        <div
                                          class="head__title"
                                          id="itemTitle-225386"
                                        >
                                          Mock Chicken
                                        </div>
                                      </a>

                                      <div
                                        class="pt-option-select"
                                        tabindex="0"
                                      >
                                        <div class="pi-actions-approx">
                                          <div class="pi--cut-wrapper">
                                            <select
                                              class="pt--cut-select select-addToCart"
                                              name="select_element"
                                              tabindex="0"
                                              data-configuration-code="P02"
                                              aria-label="select your Thickness"
                                            >
                                              <option
                                                value="1"
                                                default-option="true"
                                                aria-label="select your Thickness"
                                              >
                                                Thickness
                                              </option>
                                              <option
                                                value="P0201"
                                                code-id="P0201"
                                                desc="avg. 10 slices / 100 g"
                                                default-option="false"
                                              >
                                                Shaved
                                              </option>
                                              <option
                                                value="P0202"
                                                code-id="P0202"
                                                desc="avg. 5 slices / 100 g"
                                                default-option="false"
                                              >
                                                Thin
                                              </option>
                                              <option
                                                value="P0203"
                                                code-id="P0203"
                                                desc="avg. 4 slices / 100 g"
                                                default-option="false"
                                              >
                                                Regular
                                              </option>
                                            </select>
                                          </div>
                                        </div>

                                        <div
                                          aria-live="polite"
                                          class="pt-approx"
                                        >
                                          <span class="desc-addToCart"></span>
                                        </div>
                                      </div>
                                    </div>

                                    <div class="error-summary hide">
                                      <ul>
                                        <li>
                                          <a
                                            href="https://www.metro.ca/en/online-grocery/aisles/deli-prepared-meals?sortOrder=popularity"
                                            class="product-make-choice-error focusOnMySelect hide"
                                            >Specify an option to add the
                                            product to your cart.</a
                                          >
                                        </li>
                                        <li>
                                          <a
                                            href="https://www.metro.ca/en/online-grocery/aisles/deli-prepared-meals?sortOrder=popularity"
                                            class="product-make-choice-cart-starter-error focusOnMySelect hide"
                                            >Specify an option to add the
                                            product to your favourites.</a
                                          >
                                        </li>
                                        <li>
                                          <a
                                            href="https://www.metro.ca/en/online-grocery/aisles/deli-prepared-meals?sortOrder=popularity"
                                            class="product-cart-starter-add-error focusOnMySelect hide"
                                            >An error occurred while adding the
                                            product to your favourites.</a
                                          >
                                        </li>
                                        <li>
                                          <a
                                            href="https://www.metro.ca/en/online-grocery/aisles/deli-prepared-meals?sortOrder=popularity"
                                            class="product-cart-starter-delete-error focusOnMySelect hide"
                                            >An error occurred while deleting
                                            the product.</a
                                          >
                                        </li>
                                        <li>
                                          <a
                                            href="https://www.metro.ca/en/online-grocery/aisles/deli-prepared-meals?sortOrder=popularity"
                                            class="product-cart-update-error focusOnMySelect hide"
                                            >An error occurred while updating
                                            the item in your cart.</a
                                          >
                                        </li>
                                        <li>
                                          <a
                                            href="https://www.metro.ca/en/online-grocery/aisles/deli-prepared-meals?sortOrder=popularity"
                                            class="product-cart-delete-error focusOnMySelect hide"
                                            >An error occurred while deleting
                                            the item in your cart.</a
                                          >
                                        </li>
                                        <li>
                                          <a
                                            href="https://www.metro.ca/en/online-grocery/aisles/deli-prepared-meals?sortOrder=popularity"
                                            class="product-cart-starter-update-error focusOnMySelect hide"
                                            >An error occurred while updating
                                            the product.</a
                                          >
                                        </li>
                                        <li>
                                          <a
                                            href="https://www.metro.ca/en/online-grocery/aisles/deli-prepared-meals?sortOrder=popularity"
                                            class="product-cart-starter-delete-error focusOnMySelect hide"
                                            >An error occurred while deleting
                                            the product.</a
                                          >
                                        </li>
                                        <li>
                                          <a
                                            href="https://www.metro.ca/en/online-grocery/aisles/deli-prepared-meals?sortOrder=popularity"
                                            class="product-age-restriction-cart-starter-error focusOnMySelect hide"
                                            >Please deselect this product.</a
                                          >
                                        </li>
                                      </ul>
                                    </div>

                                    <div class="content__pricing" tabindex="0">
                                      <div
                                        data-main-price="1.79"
                                        data-variant-price="100g"
                                      >
                                        <div class="pricing__sale-price">
                                          <span class="price-update"
                                            >$1.79</span
                                          >
                                          <span>
                                            &nbsp;/ 100
                                            <abbr title="Gram">g</abbr>
                                          </span>
                                        </div>
                                        <div class="pricing__unit-value"></div>

                                        <div class="pricing__secondary-price">
                                          <span
                                            >$17.90 /<abbr title="Kilogram"
                                              >kg</abbr
                                            ></span
                                          ><span
                                            >$8.12 /<abbr title="Pound"
                                              >lb.</abbr
                                            ></span
                                          >
                                        </div>
                                      </div>
                                    </div>
                                  </div>

                                  <div class="pt__content--actions">
                                    <div class="actions__cart pt--actions">
                                      <button
                                        type="button"
                                        class="action__favorite addToCartStarter"
                                        onclick="findFlowCartStarter(this);"
                                        tabindex="0"
                                        aria-describedby="itemTitle-225386"
                                      >
                                        <svg
                                          xmlns="http://www.w3.org/2000/svg"
                                          width="24.001"
                                          height="24"
                                          viewBox="0 0 24.001 24"
                                        >
                                          <path
                                            d="M19.022,30.288a.734.734,0,0,1-.519-.215L9.66,21.258a8.8,8.8,0,0,1-2.485-4.267A6.723,6.723,0,0,1,13.709,8.75a7.931,7.931,0,0,1,5.284,2.164A7.921,7.921,0,0,1,24.268,8.75,6.744,6.744,0,0,1,30.826,17a8.769,8.769,0,0,1-2.479,4.256l-8.8,8.816a.733.733,0,0,1-.525.217"
                                            transform="translate(-7 -7.75)"
                                            fill="#d81e05"
                                          ></path>
                                        </svg>
                                        <span class="invisible-text"
                                          >Add to your favourites</span
                                        >
                                      </button>

                                      <div
                                        class="invisible-text"
                                        aria-labelledby="added-live--added"
                                        aria-hidden="true"
                                      >
                                        Product added to cart.
                                      </div>

                                      <button
                                        type="button"
                                        class="btn--minus minus-addToCart minus-updateCart action__remove-from-cart lastInCart"
                                        tabindex="-1"
                                        aria-describedby="itemTitle-225386"
                                      >
                                        <span class="invisible-text"
                                          >Decrease quantity unavailable</span
                                        >
                                        <svg
                                          xmlns="http://www.w3.org/2000/svg"
                                          width="14.433"
                                          height="16"
                                          viewBox="0 0 14.433 16"
                                        >
                                          <path
                                            class="cart-minus"
                                            d="M.489,5.524A.488.488,0,0,1,0,5.037V.487a.489.489,0,0,1,.978,0V5.037A.488.488,0,0,1,.489,5.524Z"
                                            transform="translate(11.699 3.091) rotate(90)"
                                            fill="#fff"
                                          ></path>
                                          <path
                                            class="cart-delete"
                                            d="M13670.893,14327.75a.5.5,0,0,1-.5-.468l-.923-12.084h-1.215a.505.505,0,0,1,0-1.011h1.641a.548.548,0,0,1,.08,0h2.247v-1.931a.5.5,0,0,1,.5-.507h4.466a.507.507,0,0,1,.5.507v1.931h2.209a.411.411,0,0,1,.069,0h1.709a.505.505,0,0,1,0,1.011h-1.276l-.835,12.08a.5.5,0,0,1-.5.472Zm.465-1.015h7.24l.8-11.537h-8.92Zm5.326-12.548v-1.426h-3.458v1.426Zm-.224,11.268a.5.5,0,0,1-.481-.529l.342-8.009a.5.5,0,1,1,1.007.043l-.344,8.012a.508.508,0,0,1-.5.483Zm-2.99,0a.507.507,0,0,1-.5-.483l-.341-8.012a.5.5,0,1,1,1-.043l.342,8.009a.505.505,0,0,1-.481.529Z"
                                            transform="translate(-13667.75 -14311.75)"
                                            fill="#fff"
                                          ></path>
                                        </svg>
                                      </button>

                                      <p
                                        class="pt__cart-amount"
                                        aria-live="polite"
                                        aria-atomic="true"
                                      >
                                        <span class="qty-addToCart qty-long-txt"
                                          >100</span
                                        >
                                        <span class="qty-unit qty-long-txt"
                                          >&nbsp;<abbr title="Gram"
                                            >g</abbr
                                          ></span
                                        >
                                      </p>

                                      <button
                                        type="button"
                                        class="btn--plus plus-addToCart plus-updateCart action__add-to-cart"
                                        tabindex="-1"
                                        aria-describedby="itemTitle-225386"
                                      >
                                        <span class="invisible-text"
                                          >Increase quantity</span
                                        >
                                        <svg
                                          class="cart-plus"
                                          xmlns="http://www.w3.org/2000/svg"
                                          width="32"
                                          height="32"
                                          viewBox="0 0 32 32"
                                        >
                                          <g transform="translate(7 8)">
                                            <path
                                              class="shop-cart"
                                              d="M1.2-.75A1.955,1.955,0,1,1-.75,1.205,1.955,1.955,0,0,1,1.2-.75Zm0,2.933a.978.978,0,1,0-.975-.978A.977.977,0,0,0,1.2,2.183Z"
                                              transform="translate(4.538 12.472)"
                                              fill="#fff"
                                            ></path>
                                            <path
                                              class="shop-cart"
                                              d="M1.2-.75A1.955,1.955,0,1,1-.75,1.205,1.955,1.955,0,0,1,1.2-.75Zm0,2.933a.978.978,0,1,0-.975-.978A.977.977,0,0,0,1.2,2.183Z"
                                              transform="translate(11.921 12.472)"
                                              fill="#fff"
                                            ></path>
                                            <path
                                              class="shop-cart"
                                              d="M13.565,14.786H4.576a2.029,2.029,0,0,1-.935-.314,2.09,2.09,0,0,1-.918-1.892v-8.7L.74,3.024a.489.489,0,0,1,.384-.9L3.4,3.105a.489.489,0,0,1,.3.449V12.58a1.189,1.189,0,0,0,.442,1.05,1.092,1.092,0,0,0,.477.178h8.95a.489.489,0,0,1,0,.978Z"
                                              transform="translate(-0.445 -2.086)"
                                              fill="#fff"
                                            ></path>
                                            <path
                                              class="shop-cart"
                                              d="M15.327,13.591H5.706a.486.486,0,0,1-.078-.006A2.023,2.023,0,0,1,3.95,11.533a.487.487,0,1,1,.975,0,1.014,1.014,0,0,0,.4.877,1.275,1.275,0,0,0,.431.2h9.569c.55,0,.811-.743.87-.939V7.049a.487.487,0,1,1,.975,0v4.691a.49.49,0,0,1-.013.114,3.063,3.063,0,0,1-.351.824A1.716,1.716,0,0,1,15.327,13.591Z"
                                              transform="translate(-1.672 -3.644)"
                                              fill="#fff"
                                            ></path>
                                            <g class="cart-plus-group">
                                              <path
                                                class="cart-plus"
                                                d="M-.263,4.79A.488.488,0,0,1-.75,4.3V-.261A.488.488,0,0,1-.263-.75a.488.488,0,0,1,.487.489V4.3A.488.488,0,0,1-.263,4.79Z"
                                                transform="translate(9.199 1.56)"
                                                fill="#fff"
                                              ></path>
                                              <path
                                                class="cart-plus"
                                                d="M.489,5.524A.488.488,0,0,1,0,5.037V.487a.489.489,0,0,1,.978,0V5.037A.488.488,0,0,1,.489,5.524Z"
                                                transform="translate(11.699 3.091) rotate(90)"
                                                fill="#fff"
                                              ></path>
                                            </g>
                                          </g>
                                        </svg>
                                      </button>

                                      <button
                                        class="debounce-250 button-tile-addToCart action__add-to-cart"
                                        data-errorbox="errorBox"
                                        onclick=""
                                        type="button"
                                        tabindex="0"
                                        data-target="/en/service-and-timeslot/service"
                                        aria-describedby="itemTitle-225386"
                                        aria-label="Add to the shopping cart"
                                      >
                                        <svg
                                          class="cart-plus"
                                          xmlns="http://www.w3.org/2000/svg"
                                          width="32"
                                          height="32"
                                          viewBox="0 0 32 32"
                                        >
                                          <g transform="translate(7 8)">
                                            <path
                                              class="shop-cart"
                                              d="M1.2-.75A1.955,1.955,0,1,1-.75,1.205,1.955,1.955,0,0,1,1.2-.75Zm0,2.933a.978.978,0,1,0-.975-.978A.977.977,0,0,0,1.2,2.183Z"
                                              transform="translate(4.538 12.472)"
                                              fill="#fff"
                                            ></path>
                                            <path
                                              class="shop-cart"
                                              d="M1.2-.75A1.955,1.955,0,1,1-.75,1.205,1.955,1.955,0,0,1,1.2-.75Zm0,2.933a.978.978,0,1,0-.975-.978A.977.977,0,0,0,1.2,2.183Z"
                                              transform="translate(11.921 12.472)"
                                              fill="#fff"
                                            ></path>
                                            <path
                                              class="shop-cart"
                                              d="M13.565,14.786H4.576a2.029,2.029,0,0,1-.935-.314,2.09,2.09,0,0,1-.918-1.892v-8.7L.74,3.024a.489.489,0,0,1,.384-.9L3.4,3.105a.489.489,0,0,1,.3.449V12.58a1.189,1.189,0,0,0,.442,1.05,1.092,1.092,0,0,0,.477.178h8.95a.489.489,0,0,1,0,.978Z"
                                              transform="translate(-0.445 -2.086)"
                                              fill="#fff"
                                            ></path>
                                            <path
                                              class="shop-cart"
                                              d="M15.327,13.591H5.706a.486.486,0,0,1-.078-.006A2.023,2.023,0,0,1,3.95,11.533a.487.487,0,1,1,.975,0,1.014,1.014,0,0,0,.4.877,1.275,1.275,0,0,0,.431.2h9.569c.55,0,.811-.743.87-.939V7.049a.487.487,0,1,1,.975,0v4.691a.49.49,0,0,1-.013.114,3.063,3.063,0,0,1-.351.824A1.716,1.716,0,0,1,15.327,13.591Z"
                                              transform="translate(-1.672 -3.644)"
                                              fill="#fff"
                                            ></path>
                                            <g class="cart-plus-group">
                                              <path
                                                class="cart-plus"
                                                d="M-.263,4.79A.488.488,0,0,1-.75,4.3V-.261A.488.488,0,0,1-.263-.75a.488.488,0,0,1,.487.489V4.3A.488.488,0,0,1-.263,4.79Z"
                                                transform="translate(9.199 1.56)"
                                                fill="#fff"
                                              ></path>
                                              <path
                                                class="cart-plus"
                                                d="M.489,5.524A.488.488,0,0,1,0,5.037V.487a.489.489,0,0,1,.978,0V5.037A.488.488,0,0,1,.489,5.524Z"
                                                transform="translate(11.699 3.091) rotate(90)"
                                                fill="#fff"
                                              ></path>
                                            </g>
                                          </g>
                                        </svg>
                                      </button>
                                    </div>
                                  </div>
                                </div>
                              </div>

                              <div
                                class="default-product-tile tile-product item-addToCart"
                                data-product-code="207697"
                                data-unit-increment="100"
                                data-min-qty="100"
                                data-max-qty="5000"
                                data-product-deletable="true"
                                data-is-inactive="false"
                                data-product-name="Mini Pepperoni &#39;&#39;88&#39;&#39;"
                                data-product-category="Deli &amp; Prepared Meals"
                                data-product-category-id="000009"
                                data-product-brand="Roma"
                                data-category-url="/aisles/deli-prepared-meals/deli-meats/salami-pepperoni"
                                data-is="container-tabs"
                                data-substitution-permission="NO"
                                data-age-restriction="false"
                                data-product-alcohol="false"
                              >
                                <div class="pt__visual">
                                  <a
                                    href="https://www.metro.ca/en/online-grocery/aisles/deli-prepared-meals/deli-meats/salami-pepperoni/mini-pepperoni-88/p/207697"
                                    tabindex="0"
                                    class="product-details-link"
                                  >
                                    <div
                                      class="tag-in-cart pt--image--incart hide"
                                    >
                                      <img
                                        src="./Deli &amp; Prepared Meals _ Metro_files/cart-check.svg"
                                      />
                                      <span class="invisible-text"
                                        >Product is in the cart</span
                                      >
                                    </div>

                                    <div
                                      class="visual__stickers"
                                      data-dimension-8="REG"
                                    ></div>

                                    <picture class="defaultable-picture">
                                      <source
                                        media="(min-width: 730px)"
                                        srcset="
                                          https://product-images.metro.ca/images/h42/hc9/8864938360862.jpg,
                                          https://product-images.metro.ca/images/h0e/hd5/8864939737118.jpg 2x
                                        "
                                      />
                                      <source
                                        media="(min-width: 115px)"
                                        srcset="
                                          https://product-images.metro.ca/images/hd5/h47/8864938950686.jpg,
                                          https://product-images.metro.ca/images/hd0/h83/8864938557470.jpg 2x
                                        "
                                      />

                                      <img
                                        onerror="replaceErrorImageByDefaultImage(this)"
                                        alt="Roma Mini Pepperoni &#39;&#39;88&#39;&#39; "
                                        src="./Deli &amp; Prepared Meals _ Metro_files/8864938950686.jpg"
                                        srcset="
                                          https://product-images.metro.ca/images/hd5/h47/8864938950686.jpg,
                                          https://product-images.metro.ca/images/hd0/h83/8864938557470.jpg 2x
                                        "
                                        data-default="/images/shared/placeholders/icon-no-picture.svg"
                                      />
                                    </picture>
                                  </a>
                                </div>

                                <div class="pt__content">
                                  <div class="pt__content--wrap">
                                    <div class="content__head">
                                      <span class="head__brand"> Roma </span>

                                      <a
                                        href="https://www.metro.ca/en/online-grocery/aisles/deli-prepared-meals/deli-meats/salami-pepperoni/mini-pepperoni-88/p/207697"
                                        tabindex="0"
                                        class="product-details-link"
                                      >
                                        <div
                                          class="head__title"
                                          id="itemTitle-207697"
                                        >
                                          Mini Pepperoni ''88''
                                        </div>
                                      </a>

                                      <button
                                        type="button"
                                        class="cta-link show-variety btn--displayFlavours"
                                        other-flavours-target="/en/online-grocery/product/flavours/155988?sku=207697"
                                      >
                                        Other varieties
                                      </button>

                                      <div
                                        class="pt-option-select"
                                        tabindex="0"
                                      >
                                        <div class="pi-actions-approx">
                                          <div class="pi--cut-wrapper">
                                            <select
                                              class="pt--cut-select select-addToCart"
                                              name="select_element"
                                              tabindex="0"
                                              data-configuration-code="P02"
                                              aria-label="select your Thickness"
                                            >
                                              <option
                                                value="1"
                                                default-option="true"
                                                aria-label="select your Thickness"
                                              >
                                                Thickness
                                              </option>
                                              <option
                                                value="P0201"
                                                code-id="P0201"
                                                desc="avg. 20 slices / 100 g"
                                                default-option="false"
                                              >
                                                Shaved
                                              </option>
                                              <option
                                                value="P0202"
                                                code-id="P0202"
                                                desc="avg. 10 slices / 100 g"
                                                default-option="false"
                                              >
                                                Thin
                                              </option>
                                              <option
                                                value="P0203"
                                                code-id="P0203"
                                                desc="avg. 6 slices / 100 g"
                                                default-option="false"
                                              >
                                                Regular
                                              </option>
                                            </select>
                                          </div>
                                        </div>

                                        <div
                                          aria-live="polite"
                                          class="pt-approx"
                                        >
                                          <span class="desc-addToCart"></span>
                                        </div>
                                      </div>
                                    </div>

                                    <div class="error-summary hide">
                                      <ul>
                                        <li>
                                          <a
                                            href="https://www.metro.ca/en/online-grocery/aisles/deli-prepared-meals?sortOrder=popularity"
                                            class="product-make-choice-error focusOnMySelect hide"
                                            >Specify an option to add the
                                            product to your cart.</a
                                          >
                                        </li>
                                        <li>
                                          <a
                                            href="https://www.metro.ca/en/online-grocery/aisles/deli-prepared-meals?sortOrder=popularity"
                                            class="product-make-choice-cart-starter-error focusOnMySelect hide"
                                            >Specify an option to add the
                                            product to your favourites.</a
                                          >
                                        </li>
                                        <li>
                                          <a
                                            href="https://www.metro.ca/en/online-grocery/aisles/deli-prepared-meals?sortOrder=popularity"
                                            class="product-cart-starter-add-error focusOnMySelect hide"
                                            >An error occurred while adding the
                                            product to your favourites.</a
                                          >
                                        </li>
                                        <li>
                                          <a
                                            href="https://www.metro.ca/en/online-grocery/aisles/deli-prepared-meals?sortOrder=popularity"
                                            class="product-cart-starter-delete-error focusOnMySelect hide"
                                            >An error occurred while deleting
                                            the product.</a
                                          >
                                        </li>
                                        <li>
                                          <a
                                            href="https://www.metro.ca/en/online-grocery/aisles/deli-prepared-meals?sortOrder=popularity"
                                            class="product-cart-update-error focusOnMySelect hide"
                                            >An error occurred while updating
                                            the item in your cart.</a
                                          >
                                        </li>
                                        <li>
                                          <a
                                            href="https://www.metro.ca/en/online-grocery/aisles/deli-prepared-meals?sortOrder=popularity"
                                            class="product-cart-delete-error focusOnMySelect hide"
                                            >An error occurred while deleting
                                            the item in your cart.</a
                                          >
                                        </li>
                                        <li>
                                          <a
                                            href="https://www.metro.ca/en/online-grocery/aisles/deli-prepared-meals?sortOrder=popularity"
                                            class="product-cart-starter-update-error focusOnMySelect hide"
                                            >An error occurred while updating
                                            the product.</a
                                          >
                                        </li>
                                        <li>
                                          <a
                                            href="https://www.metro.ca/en/online-grocery/aisles/deli-prepared-meals?sortOrder=popularity"
                                            class="product-cart-starter-delete-error focusOnMySelect hide"
                                            >An error occurred while deleting
                                            the product.</a
                                          >
                                        </li>
                                        <li>
                                          <a
                                            href="https://www.metro.ca/en/online-grocery/aisles/deli-prepared-meals?sortOrder=popularity"
                                            class="product-age-restriction-cart-starter-error focusOnMySelect hide"
                                            >Please deselect this product.</a
                                          >
                                        </li>
                                      </ul>
                                    </div>

                                    <div class="content__pricing" tabindex="0">
                                      <div
                                        data-main-price="2.19"
                                        data-variant-price="100g"
                                      >
                                        <div class="pricing__sale-price">
                                          <span class="price-update"
                                            >$2.19</span
                                          >
                                          <span>
                                            &nbsp;/ 100
                                            <abbr title="Gram">g</abbr>
                                          </span>
                                        </div>
                                        <div class="pricing__unit-value"></div>

                                        <div class="pricing__secondary-price">
                                          <span
                                            >$21.90 /<abbr title="Kilogram"
                                              >kg</abbr
                                            ></span
                                          ><span
                                            >$9.93 /<abbr title="Pound"
                                              >lb.</abbr
                                            ></span
                                          >
                                        </div>
                                      </div>
                                    </div>
                                  </div>

                                  <div class="pt__content--actions">
                                    <div class="actions__cart pt--actions">
                                      <button
                                        type="button"
                                        class="action__favorite addToCartStarter"
                                        onclick="findFlowCartStarter(this);"
                                        tabindex="0"
                                        aria-describedby="itemTitle-207697"
                                      >
                                        <svg
                                          xmlns="http://www.w3.org/2000/svg"
                                          width="24.001"
                                          height="24"
                                          viewBox="0 0 24.001 24"
                                        >
                                          <path
                                            d="M19.022,30.288a.734.734,0,0,1-.519-.215L9.66,21.258a8.8,8.8,0,0,1-2.485-4.267A6.723,6.723,0,0,1,13.709,8.75a7.931,7.931,0,0,1,5.284,2.164A7.921,7.921,0,0,1,24.268,8.75,6.744,6.744,0,0,1,30.826,17a8.769,8.769,0,0,1-2.479,4.256l-8.8,8.816a.733.733,0,0,1-.525.217"
                                            transform="translate(-7 -7.75)"
                                            fill="#d81e05"
                                          ></path>
                                        </svg>
                                        <span class="invisible-text"
                                          >Add to your favourites</span
                                        >
                                      </button>

                                      <div
                                        class="invisible-text"
                                        aria-labelledby="added-live--added"
                                        aria-hidden="true"
                                      >
                                        Product added to cart.
                                      </div>

                                      <button
                                        type="button"
                                        class="btn--minus minus-addToCart minus-updateCart action__remove-from-cart lastInCart"
                                        tabindex="-1"
                                        aria-describedby="itemTitle-207697"
                                      >
                                        <span class="invisible-text"
                                          >Decrease quantity unavailable</span
                                        >
                                        <svg
                                          xmlns="http://www.w3.org/2000/svg"
                                          width="14.433"
                                          height="16"
                                          viewBox="0 0 14.433 16"
                                        >
                                          <path
                                            class="cart-minus"
                                            d="M.489,5.524A.488.488,0,0,1,0,5.037V.487a.489.489,0,0,1,.978,0V5.037A.488.488,0,0,1,.489,5.524Z"
                                            transform="translate(11.699 3.091) rotate(90)"
                                            fill="#fff"
                                          ></path>
                                          <path
                                            class="cart-delete"
                                            d="M13670.893,14327.75a.5.5,0,0,1-.5-.468l-.923-12.084h-1.215a.505.505,0,0,1,0-1.011h1.641a.548.548,0,0,1,.08,0h2.247v-1.931a.5.5,0,0,1,.5-.507h4.466a.507.507,0,0,1,.5.507v1.931h2.209a.411.411,0,0,1,.069,0h1.709a.505.505,0,0,1,0,1.011h-1.276l-.835,12.08a.5.5,0,0,1-.5.472Zm.465-1.015h7.24l.8-11.537h-8.92Zm5.326-12.548v-1.426h-3.458v1.426Zm-.224,11.268a.5.5,0,0,1-.481-.529l.342-8.009a.5.5,0,1,1,1.007.043l-.344,8.012a.508.508,0,0,1-.5.483Zm-2.99,0a.507.507,0,0,1-.5-.483l-.341-8.012a.5.5,0,1,1,1-.043l.342,8.009a.505.505,0,0,1-.481.529Z"
                                            transform="translate(-13667.75 -14311.75)"
                                            fill="#fff"
                                          ></path>
                                        </svg>
                                      </button>

                                      <p
                                        class="pt__cart-amount"
                                        aria-live="polite"
                                        aria-atomic="true"
                                      >
                                        <span class="qty-addToCart qty-long-txt"
                                          >100</span
                                        >
                                        <span class="qty-unit qty-long-txt"
                                          >&nbsp;<abbr title="Gram"
                                            >g</abbr
                                          ></span
                                        >
                                      </p>

                                      <button
                                        type="button"
                                        class="btn--plus plus-addToCart plus-updateCart action__add-to-cart"
                                        tabindex="-1"
                                        aria-describedby="itemTitle-207697"
                                      >
                                        <span class="invisible-text"
                                          >Increase quantity</span
                                        >
                                        <svg
                                          class="cart-plus"
                                          xmlns="http://www.w3.org/2000/svg"
                                          width="32"
                                          height="32"
                                          viewBox="0 0 32 32"
                                        >
                                          <g transform="translate(7 8)">
                                            <path
                                              class="shop-cart"
                                              d="M1.2-.75A1.955,1.955,0,1,1-.75,1.205,1.955,1.955,0,0,1,1.2-.75Zm0,2.933a.978.978,0,1,0-.975-.978A.977.977,0,0,0,1.2,2.183Z"
                                              transform="translate(4.538 12.472)"
                                              fill="#fff"
                                            ></path>
                                            <path
                                              class="shop-cart"
                                              d="M1.2-.75A1.955,1.955,0,1,1-.75,1.205,1.955,1.955,0,0,1,1.2-.75Zm0,2.933a.978.978,0,1,0-.975-.978A.977.977,0,0,0,1.2,2.183Z"
                                              transform="translate(11.921 12.472)"
                                              fill="#fff"
                                            ></path>
                                            <path
                                              class="shop-cart"
                                              d="M13.565,14.786H4.576a2.029,2.029,0,0,1-.935-.314,2.09,2.09,0,0,1-.918-1.892v-8.7L.74,3.024a.489.489,0,0,1,.384-.9L3.4,3.105a.489.489,0,0,1,.3.449V12.58a1.189,1.189,0,0,0,.442,1.05,1.092,1.092,0,0,0,.477.178h8.95a.489.489,0,0,1,0,.978Z"
                                              transform="translate(-0.445 -2.086)"
                                              fill="#fff"
                                            ></path>
                                            <path
                                              class="shop-cart"
                                              d="M15.327,13.591H5.706a.486.486,0,0,1-.078-.006A2.023,2.023,0,0,1,3.95,11.533a.487.487,0,1,1,.975,0,1.014,1.014,0,0,0,.4.877,1.275,1.275,0,0,0,.431.2h9.569c.55,0,.811-.743.87-.939V7.049a.487.487,0,1,1,.975,0v4.691a.49.49,0,0,1-.013.114,3.063,3.063,0,0,1-.351.824A1.716,1.716,0,0,1,15.327,13.591Z"
                                              transform="translate(-1.672 -3.644)"
                                              fill="#fff"
                                            ></path>
                                            <g class="cart-plus-group">
                                              <path
                                                class="cart-plus"
                                                d="M-.263,4.79A.488.488,0,0,1-.75,4.3V-.261A.488.488,0,0,1-.263-.75a.488.488,0,0,1,.487.489V4.3A.488.488,0,0,1-.263,4.79Z"
                                                transform="translate(9.199 1.56)"
                                                fill="#fff"
                                              ></path>
                                              <path
                                                class="cart-plus"
                                                d="M.489,5.524A.488.488,0,0,1,0,5.037V.487a.489.489,0,0,1,.978,0V5.037A.488.488,0,0,1,.489,5.524Z"
                                                transform="translate(11.699 3.091) rotate(90)"
                                                fill="#fff"
                                              ></path>
                                            </g>
                                          </g>
                                        </svg>
                                      </button>

                                      <button
                                        class="debounce-250 button-tile-addToCart action__add-to-cart"
                                        data-errorbox="errorBox"
                                        onclick=""
                                        type="button"
                                        tabindex="0"
                                        data-target="/en/service-and-timeslot/service"
                                        aria-describedby="itemTitle-207697"
                                        aria-label="Add to the shopping cart"
                                      >
                                        <svg
                                          class="cart-plus"
                                          xmlns="http://www.w3.org/2000/svg"
                                          width="32"
                                          height="32"
                                          viewBox="0 0 32 32"
                                        >
                                          <g transform="translate(7 8)">
                                            <path
                                              class="shop-cart"
                                              d="M1.2-.75A1.955,1.955,0,1,1-.75,1.205,1.955,1.955,0,0,1,1.2-.75Zm0,2.933a.978.978,0,1,0-.975-.978A.977.977,0,0,0,1.2,2.183Z"
                                              transform="translate(4.538 12.472)"
                                              fill="#fff"
                                            ></path>
                                            <path
                                              class="shop-cart"
                                              d="M1.2-.75A1.955,1.955,0,1,1-.75,1.205,1.955,1.955,0,0,1,1.2-.75Zm0,2.933a.978.978,0,1,0-.975-.978A.977.977,0,0,0,1.2,2.183Z"
                                              transform="translate(11.921 12.472)"
                                              fill="#fff"
                                            ></path>
                                            <path
                                              class="shop-cart"
                                              d="M13.565,14.786H4.576a2.029,2.029,0,0,1-.935-.314,2.09,2.09,0,0,1-.918-1.892v-8.7L.74,3.024a.489.489,0,0,1,.384-.9L3.4,3.105a.489.489,0,0,1,.3.449V12.58a1.189,1.189,0,0,0,.442,1.05,1.092,1.092,0,0,0,.477.178h8.95a.489.489,0,0,1,0,.978Z"
                                              transform="translate(-0.445 -2.086)"
                                              fill="#fff"
                                            ></path>
                                            <path
                                              class="shop-cart"
                                              d="M15.327,13.591H5.706a.486.486,0,0,1-.078-.006A2.023,2.023,0,0,1,3.95,11.533a.487.487,0,1,1,.975,0,1.014,1.014,0,0,0,.4.877,1.275,1.275,0,0,0,.431.2h9.569c.55,0,.811-.743.87-.939V7.049a.487.487,0,1,1,.975,0v4.691a.49.49,0,0,1-.013.114,3.063,3.063,0,0,1-.351.824A1.716,1.716,0,0,1,15.327,13.591Z"
                                              transform="translate(-1.672 -3.644)"
                                              fill="#fff"
                                            ></path>
                                            <g class="cart-plus-group">
                                              <path
                                                class="cart-plus"
                                                d="M-.263,4.79A.488.488,0,0,1-.75,4.3V-.261A.488.488,0,0,1-.263-.75a.488.488,0,0,1,.487.489V4.3A.488.488,0,0,1-.263,4.79Z"
                                                transform="translate(9.199 1.56)"
                                                fill="#fff"
                                              ></path>
                                              <path
                                                class="cart-plus"
                                                d="M.489,5.524A.488.488,0,0,1,0,5.037V.487a.489.489,0,0,1,.978,0V5.037A.488.488,0,0,1,.489,5.524Z"
                                                transform="translate(11.699 3.091) rotate(90)"
                                                fill="#fff"
                                              ></path>
                                            </g>
                                          </g>
                                        </svg>
                                      </button>
                                    </div>
                                  </div>
                                </div>
                              </div>

                              <div class="desktop-only pl--small-ad mt-4">
                                <div id="div-gpt-ad-1505251666997-0"></div>
                              </div>

                              <div
                                class="default-product-tile tile-product item-addToCart"
                                data-product-code="066701006178"
                                data-unit-increment="1"
                                data-min-qty="1"
                                data-max-qty="12"
                                data-product-deletable="true"
                                data-is-inactive="false"
                                data-product-name="Creamy Coleslaw"
                                data-product-category="Deli &amp; Prepared Meals"
                                data-product-category-id="000009"
                                data-product-brand="St-Hubert"
                                data-category-url="/aisles/deli-prepared-meals/ready-meals-sides/salads"
                                data-is="container-tabs"
                                data-substitution-permission="NO"
                                data-age-restriction="false"
                                data-product-alcohol="false"
                              >
                                <div class="pt__visual">
                                  <a
                                    href="https://www.metro.ca/en/online-grocery/aisles/deli-prepared-meals/ready-meals-sides/salads/creamy-coleslaw/p/066701006178"
                                    tabindex="0"
                                    class="product-details-link"
                                  >
                                    <div
                                      class="tag-in-cart pt--image--incart hide"
                                    >
                                      <img
                                        src="./Deli &amp; Prepared Meals _ Metro_files/cart-check.svg"
                                      />
                                      <span class="invisible-text"
                                        >Product is in the cart</span
                                      >
                                    </div>

                                    <div
                                      class="visual__stickers"
                                      data-dimension-8="REG"
                                    ></div>

                                    <picture class="defaultable-picture">
                                      <source
                                        media="(min-width: 730px)"
                                        srcset="
                                          https://product-images.metro.ca/images/h6d/hdc/10053712543774.jpg,
                                          https://product-images.metro.ca/images/he3/hc0/10053713526814.jpg 2x
                                        "
                                      />
                                      <source
                                        media="(min-width: 115px)"
                                        srcset="
                                          https://product-images.metro.ca/images/h26/h6c/10053713002526.jpg,
                                          https://product-images.metro.ca/images/hb6/h4a/10053712674846.jpg 2x
                                        "
                                      />

                                      <img
                                        onerror="replaceErrorImageByDefaultImage(this)"
                                        alt="St-Hubert Creamy Coleslaw 454 g"
                                        src="./Deli &amp; Prepared Meals _ Metro_files/10053713002526.jpg"
                                        srcset="
                                          https://product-images.metro.ca/images/h26/h6c/10053713002526.jpg,
                                          https://product-images.metro.ca/images/hb6/h4a/10053712674846.jpg 2x
                                        "
                                        data-default="/images/shared/placeholders/icon-no-picture.svg"
                                      />
                                    </picture>
                                  </a>
                                </div>

                                <div class="pt__content">
                                  <div class="pt__content--wrap">
                                    <div class="content__head">
                                      <span class="head__brand">
                                        St-Hubert
                                      </span>

                                      <a
                                        href="https://www.metro.ca/en/online-grocery/aisles/deli-prepared-meals/ready-meals-sides/salads/creamy-coleslaw/p/066701006178"
                                        tabindex="0"
                                        class="product-details-link"
                                      >
                                        <div
                                          class="head__title"
                                          id="itemTitle-066701006178"
                                        >
                                          Creamy Coleslaw
                                        </div>

                                        <span class="head__unit-details"
                                          >454 g</span
                                        >
                                      </a>

                                      <button
                                        type="button"
                                        class="cta-link show-variety btn--displayFlavours"
                                        other-flavours-target="/en/online-grocery/product/flavours/248518?sku=066701006178"
                                      >
                                        Other varieties
                                      </button>
                                    </div>

                                    <div class="error-summary hide">
                                      <ul>
                                        <li>
                                          <a
                                            href="https://www.metro.ca/en/online-grocery/aisles/deli-prepared-meals?sortOrder=popularity"
                                            class="product-make-choice-error focusOnMySelect hide"
                                            >Specify an option to add the
                                            product to your cart.</a
                                          >
                                        </li>
                                        <li>
                                          <a
                                            href="https://www.metro.ca/en/online-grocery/aisles/deli-prepared-meals?sortOrder=popularity"
                                            class="product-make-choice-cart-starter-error focusOnMySelect hide"
                                            >Specify an option to add the
                                            product to your favourites.</a
                                          >
                                        </li>
                                        <li>
                                          <a
                                            href="https://www.metro.ca/en/online-grocery/aisles/deli-prepared-meals?sortOrder=popularity"
                                            class="product-cart-starter-add-error focusOnMySelect hide"
                                            >An error occurred while adding the
                                            product to your favourites.</a
                                          >
                                        </li>
                                        <li>
                                          <a
                                            href="https://www.metro.ca/en/online-grocery/aisles/deli-prepared-meals?sortOrder=popularity"
                                            class="product-cart-starter-delete-error focusOnMySelect hide"
                                            >An error occurred while deleting
                                            the product.</a
                                          >
                                        </li>
                                        <li>
                                          <a
                                            href="https://www.metro.ca/en/online-grocery/aisles/deli-prepared-meals?sortOrder=popularity"
                                            class="product-cart-update-error focusOnMySelect hide"
                                            >An error occurred while updating
                                            the item in your cart.</a
                                          >
                                        </li>
                                        <li>
                                          <a
                                            href="https://www.metro.ca/en/online-grocery/aisles/deli-prepared-meals?sortOrder=popularity"
                                            class="product-cart-delete-error focusOnMySelect hide"
                                            >An error occurred while deleting
                                            the item in your cart.</a
                                          >
                                        </li>
                                        <li>
                                          <a
                                            href="https://www.metro.ca/en/online-grocery/aisles/deli-prepared-meals?sortOrder=popularity"
                                            class="product-cart-starter-update-error focusOnMySelect hide"
                                            >An error occurred while updating
                                            the product.</a
                                          >
                                        </li>
                                        <li>
                                          <a
                                            href="https://www.metro.ca/en/online-grocery/aisles/deli-prepared-meals?sortOrder=popularity"
                                            class="product-cart-starter-delete-error focusOnMySelect hide"
                                            >An error occurred while deleting
                                            the product.</a
                                          >
                                        </li>
                                        <li>
                                          <a
                                            href="https://www.metro.ca/en/online-grocery/aisles/deli-prepared-meals?sortOrder=popularity"
                                            class="product-age-restriction-cart-starter-error focusOnMySelect hide"
                                            >Please deselect this product.</a
                                          >
                                        </li>
                                      </ul>
                                    </div>

                                    <div class="content__pricing" tabindex="0">
                                      <div data-main-price="4.79">
                                        <div class="pricing__sale-price">
                                          <span class="price-update"
                                            >$4.79</span
                                          >
                                          <span>
                                            &nbsp;<abbr title="Each">ea.</abbr>
                                          </span>
                                        </div>
                                        <div class="pricing__unit-value"></div>

                                        <div class="pricing__secondary-price">
                                          <span
                                            >$1.06 /100<abbr title="Gram"
                                              >g</abbr
                                            ></span
                                          >
                                        </div>
                                      </div>
                                    </div>
                                  </div>

                                  <div class="pt__content--actions">
                                    <div class="actions__cart pt--actions">
                                      <button
                                        type="button"
                                        class="action__favorite addToCartStarter"
                                        onclick="findFlowCartStarter(this);"
                                        tabindex="0"
                                        aria-describedby="itemTitle-066701006178"
                                      >
                                        <svg
                                          xmlns="http://www.w3.org/2000/svg"
                                          width="24.001"
                                          height="24"
                                          viewBox="0 0 24.001 24"
                                        >
                                          <path
                                            d="M19.022,30.288a.734.734,0,0,1-.519-.215L9.66,21.258a8.8,8.8,0,0,1-2.485-4.267A6.723,6.723,0,0,1,13.709,8.75a7.931,7.931,0,0,1,5.284,2.164A7.921,7.921,0,0,1,24.268,8.75,6.744,6.744,0,0,1,30.826,17a8.769,8.769,0,0,1-2.479,4.256l-8.8,8.816a.733.733,0,0,1-.525.217"
                                            transform="translate(-7 -7.75)"
                                            fill="#d81e05"
                                          ></path>
                                        </svg>
                                        <span class="invisible-text"
                                          >Add to your favourites</span
                                        >
                                      </button>

                                      <div
                                        class="invisible-text"
                                        aria-labelledby="added-live--added"
                                        aria-hidden="true"
                                      >
                                        Product added to cart.
                                      </div>

                                      <button
                                        type="button"
                                        class="btn--minus minus-addToCart minus-updateCart action__remove-from-cart lastInCart"
                                        tabindex="-1"
                                        aria-describedby="itemTitle-066701006178"
                                      >
                                        <span class="invisible-text"
                                          >Decrease quantity unavailable</span
                                        >
                                        <svg
                                          xmlns="http://www.w3.org/2000/svg"
                                          width="14.433"
                                          height="16"
                                          viewBox="0 0 14.433 16"
                                        >
                                          <path
                                            class="cart-minus"
                                            d="M.489,5.524A.488.488,0,0,1,0,5.037V.487a.489.489,0,0,1,.978,0V5.037A.488.488,0,0,1,.489,5.524Z"
                                            transform="translate(11.699 3.091) rotate(90)"
                                            fill="#fff"
                                          ></path>
                                          <path
                                            class="cart-delete"
                                            d="M13670.893,14327.75a.5.5,0,0,1-.5-.468l-.923-12.084h-1.215a.505.505,0,0,1,0-1.011h1.641a.548.548,0,0,1,.08,0h2.247v-1.931a.5.5,0,0,1,.5-.507h4.466a.507.507,0,0,1,.5.507v1.931h2.209a.411.411,0,0,1,.069,0h1.709a.505.505,0,0,1,0,1.011h-1.276l-.835,12.08a.5.5,0,0,1-.5.472Zm.465-1.015h7.24l.8-11.537h-8.92Zm5.326-12.548v-1.426h-3.458v1.426Zm-.224,11.268a.5.5,0,0,1-.481-.529l.342-8.009a.5.5,0,1,1,1.007.043l-.344,8.012a.508.508,0,0,1-.5.483Zm-2.99,0a.507.507,0,0,1-.5-.483l-.341-8.012a.5.5,0,1,1,1-.043l.342,8.009a.505.505,0,0,1-.481.529Z"
                                            transform="translate(-13667.75 -14311.75)"
                                            fill="#fff"
                                          ></path>
                                        </svg>
                                      </button>

                                      <p
                                        class="pt__cart-amount"
                                        aria-live="polite"
                                        aria-atomic="true"
                                      >
                                        <span class="qty-addToCart">1</span>
                                      </p>

                                      <button
                                        type="button"
                                        class="btn--plus plus-addToCart plus-updateCart action__add-to-cart"
                                        tabindex="-1"
                                        aria-describedby="itemTitle-066701006178"
                                      >
                                        <span class="invisible-text"
                                          >Increase quantity</span
                                        >
                                        <svg
                                          class="cart-plus"
                                          xmlns="http://www.w3.org/2000/svg"
                                          width="32"
                                          height="32"
                                          viewBox="0 0 32 32"
                                        >
                                          <g transform="translate(7 8)">
                                            <path
                                              class="shop-cart"
                                              d="M1.2-.75A1.955,1.955,0,1,1-.75,1.205,1.955,1.955,0,0,1,1.2-.75Zm0,2.933a.978.978,0,1,0-.975-.978A.977.977,0,0,0,1.2,2.183Z"
                                              transform="translate(4.538 12.472)"
                                              fill="#fff"
                                            ></path>
                                            <path
                                              class="shop-cart"
                                              d="M1.2-.75A1.955,1.955,0,1,1-.75,1.205,1.955,1.955,0,0,1,1.2-.75Zm0,2.933a.978.978,0,1,0-.975-.978A.977.977,0,0,0,1.2,2.183Z"
                                              transform="translate(11.921 12.472)"
                                              fill="#fff"
                                            ></path>
                                            <path
                                              class="shop-cart"
                                              d="M13.565,14.786H4.576a2.029,2.029,0,0,1-.935-.314,2.09,2.09,0,0,1-.918-1.892v-8.7L.74,3.024a.489.489,0,0,1,.384-.9L3.4,3.105a.489.489,0,0,1,.3.449V12.58a1.189,1.189,0,0,0,.442,1.05,1.092,1.092,0,0,0,.477.178h8.95a.489.489,0,0,1,0,.978Z"
                                              transform="translate(-0.445 -2.086)"
                                              fill="#fff"
                                            ></path>
                                            <path
                                              class="shop-cart"
                                              d="M15.327,13.591H5.706a.486.486,0,0,1-.078-.006A2.023,2.023,0,0,1,3.95,11.533a.487.487,0,1,1,.975,0,1.014,1.014,0,0,0,.4.877,1.275,1.275,0,0,0,.431.2h9.569c.55,0,.811-.743.87-.939V7.049a.487.487,0,1,1,.975,0v4.691a.49.49,0,0,1-.013.114,3.063,3.063,0,0,1-.351.824A1.716,1.716,0,0,1,15.327,13.591Z"
                                              transform="translate(-1.672 -3.644)"
                                              fill="#fff"
                                            ></path>
                                            <g class="cart-plus-group">
                                              <path
                                                class="cart-plus"
                                                d="M-.263,4.79A.488.488,0,0,1-.75,4.3V-.261A.488.488,0,0,1-.263-.75a.488.488,0,0,1,.487.489V4.3A.488.488,0,0,1-.263,4.79Z"
                                                transform="translate(9.199 1.56)"
                                                fill="#fff"
                                              ></path>
                                              <path
                                                class="cart-plus"
                                                d="M.489,5.524A.488.488,0,0,1,0,5.037V.487a.489.489,0,0,1,.978,0V5.037A.488.488,0,0,1,.489,5.524Z"
                                                transform="translate(11.699 3.091) rotate(90)"
                                                fill="#fff"
                                              ></path>
                                            </g>
                                          </g>
                                        </svg>
                                      </button>

                                      <button
                                        class="debounce-250 button-tile-addToCart action__add-to-cart"
                                        data-errorbox="errorBox"
                                        onclick=""
                                        type="button"
                                        tabindex="0"
                                        data-target="/en/service-and-timeslot/service"
                                        aria-describedby="itemTitle-066701006178"
                                        aria-label="Add to the shopping cart"
                                      >
                                        <svg
                                          class="cart-plus"
                                          xmlns="http://www.w3.org/2000/svg"
                                          width="32"
                                          height="32"
                                          viewBox="0 0 32 32"
                                        >
                                          <g transform="translate(7 8)">
                                            <path
                                              class="shop-cart"
                                              d="M1.2-.75A1.955,1.955,0,1,1-.75,1.205,1.955,1.955,0,0,1,1.2-.75Zm0,2.933a.978.978,0,1,0-.975-.978A.977.977,0,0,0,1.2,2.183Z"
                                              transform="translate(4.538 12.472)"
                                              fill="#fff"
                                            ></path>
                                            <path
                                              class="shop-cart"
                                              d="M1.2-.75A1.955,1.955,0,1,1-.75,1.205,1.955,1.955,0,0,1,1.2-.75Zm0,2.933a.978.978,0,1,0-.975-.978A.977.977,0,0,0,1.2,2.183Z"
                                              transform="translate(11.921 12.472)"
                                              fill="#fff"
                                            ></path>
                                            <path
                                              class="shop-cart"
                                              d="M13.565,14.786H4.576a2.029,2.029,0,0,1-.935-.314,2.09,2.09,0,0,1-.918-1.892v-8.7L.74,3.024a.489.489,0,0,1,.384-.9L3.4,3.105a.489.489,0,0,1,.3.449V12.58a1.189,1.189,0,0,0,.442,1.05,1.092,1.092,0,0,0,.477.178h8.95a.489.489,0,0,1,0,.978Z"
                                              transform="translate(-0.445 -2.086)"
                                              fill="#fff"
                                            ></path>
                                            <path
                                              class="shop-cart"
                                              d="M15.327,13.591H5.706a.486.486,0,0,1-.078-.006A2.023,2.023,0,0,1,3.95,11.533a.487.487,0,1,1,.975,0,1.014,1.014,0,0,0,.4.877,1.275,1.275,0,0,0,.431.2h9.569c.55,0,.811-.743.87-.939V7.049a.487.487,0,1,1,.975,0v4.691a.49.49,0,0,1-.013.114,3.063,3.063,0,0,1-.351.824A1.716,1.716,0,0,1,15.327,13.591Z"
                                              transform="translate(-1.672 -3.644)"
                                              fill="#fff"
                                            ></path>
                                            <g class="cart-plus-group">
                                              <path
                                                class="cart-plus"
                                                d="M-.263,4.79A.488.488,0,0,1-.75,4.3V-.261A.488.488,0,0,1-.263-.75a.488.488,0,0,1,.487.489V4.3A.488.488,0,0,1-.263,4.79Z"
                                                transform="translate(9.199 1.56)"
                                                fill="#fff"
                                              ></path>
                                              <path
                                                class="cart-plus"
                                                d="M.489,5.524A.488.488,0,0,1,0,5.037V.487a.489.489,0,0,1,.978,0V5.037A.488.488,0,0,1,.489,5.524Z"
                                                transform="translate(11.699 3.091) rotate(90)"
                                                fill="#fff"
                                              ></path>
                                            </g>
                                          </g>
                                        </svg>
                                      </button>
                                    </div>
                                  </div>
                                </div>
                              </div>

                              <div
                                class="default-product-tile tile-product item-addToCart tile-product--effective-date"
                                data-product-code="230869"
                                data-unit-increment="100"
                                data-min-qty="100"
                                data-max-qty="5000"
                                data-product-deletable="true"
                                data-is-inactive="false"
                                data-product-name="Extra-Lean Montreal Smoked Meat"
                                data-product-category="Deli &amp; Prepared Meals"
                                data-product-category-id="000009"
                                data-product-brand="Irresistibles"
                                data-category-url="/aisles/deli-prepared-meals/deli-meats/dry-sausages-smoked-meat"
                                data-is="container-tabs"
                                data-substitution-permission="NO"
                                data-age-restriction="false"
                                data-product-alcohol="false"
                              >
                                <div class="pt__visual">
                                  <a
                                    href="https://www.metro.ca/en/online-grocery/aisles/deli-prepared-meals/deli-meats/dry-sausages-smoked-meat/extra-lean-montreal-smoked-meat/p/230869"
                                    tabindex="0"
                                    class="product-details-link"
                                  >
                                    <div
                                      class="tag-in-cart pt--image--incart hide"
                                    >
                                      <img
                                        src="./Deli &amp; Prepared Meals _ Metro_files/cart-check.svg"
                                      />
                                      <span class="invisible-text"
                                        >Product is in the cart</span
                                      >
                                    </div>

                                    <div
                                      class="visual__stickers"
                                      data-dimension-8="PROMO"
                                    >
                                      <div class="icon--sale">
                                        <span>Save</span>
                                      </div>
                                    </div>

                                    <picture class="defaultable-picture">
                                      <source
                                        media="(min-width: 730px)"
                                        srcset="
                                          https://product-images.metro.ca/images/h5b/ha6/9254255689758.jpg,
                                          https://product-images.metro.ca/images/hf2/h7f/9254256574494.jpg 2x
                                        "
                                      />
                                      <source
                                        media="(min-width: 115px)"
                                        srcset="
                                          https://product-images.metro.ca/images/h03/h8d/9254256050206.jpg,
                                          https://product-images.metro.ca/images/h55/hdd/9254255788062.jpg 2x
                                        "
                                      />

                                      <img
                                        onerror="replaceErrorImageByDefaultImage(this)"
                                        alt="Artisan Extra-Lean Montreal Smoked Meat "
                                        src="./Deli &amp; Prepared Meals _ Metro_files/9254256050206.jpg"
                                        srcset="
                                          https://product-images.metro.ca/images/h03/h8d/9254256050206.jpg,
                                          https://product-images.metro.ca/images/h55/hdd/9254255788062.jpg 2x
                                        "
                                        data-default="/images/shared/placeholders/icon-no-picture.svg"
                                      />
                                    </picture>
                                  </a>
                                </div>

                                <div class="pt__content">
                                  <div class="pt__content--wrap">
                                    <div class="content__head">
                                      <span class="head__brand">
                                        Irresistibles
                                      </span>

                                      <a
                                        href="https://www.metro.ca/en/online-grocery/aisles/deli-prepared-meals/deli-meats/dry-sausages-smoked-meat/extra-lean-montreal-smoked-meat/p/230869"
                                        tabindex="0"
                                        class="product-details-link"
                                      >
                                        <div
                                          class="head__title"
                                          id="itemTitle-230869"
                                        >
                                          Extra-Lean Montreal Smoked Meat,
                                          Artisan
                                        </div>
                                      </a>

                                      <button
                                        type="button"
                                        class="cta-link show-variety btn--displayFlavours"
                                        other-flavours-target="/en/online-grocery/product/flavours/295099?sku=230869"
                                      >
                                        Other varieties
                                      </button>

                                      <div
                                        class="pt-option-select"
                                        tabindex="0"
                                      >
                                        <div class="pi-actions-approx">
                                          <div class="pi--cut-wrapper">
                                            <select
                                              class="pt--cut-select select-addToCart"
                                              name="select_element"
                                              tabindex="0"
                                              data-configuration-code="P02"
                                              aria-label="select your Thickness"
                                            >
                                              <option
                                                value="1"
                                                default-option="true"
                                                aria-label="select your Thickness"
                                              >
                                                Thickness
                                              </option>
                                              <option
                                                value="P0201"
                                                code-id="P0201"
                                                desc="avg. 6 slices / 100 g"
                                                default-option="false"
                                              >
                                                Shaved
                                              </option>
                                              <option
                                                value="P0202"
                                                code-id="P0202"
                                                desc="avg. 4 slices / 100 g"
                                                default-option="false"
                                              >
                                                Thin
                                              </option>
                                              <option
                                                value="P0203"
                                                code-id="P0203"
                                                desc="avg. 2 slices / 100 g"
                                                default-option="false"
                                              >
                                                Regular
                                              </option>
                                            </select>
                                          </div>
                                        </div>

                                        <div
                                          aria-live="polite"
                                          class="pt-approx"
                                        >
                                          <span class="desc-addToCart"></span>
                                        </div>
                                      </div>
                                    </div>

                                    <div class="error-summary hide">
                                      <ul>
                                        <li>
                                          <a
                                            href="https://www.metro.ca/en/online-grocery/aisles/deli-prepared-meals?sortOrder=popularity"
                                            class="product-make-choice-error focusOnMySelect hide"
                                            >Specify an option to add the
                                            product to your cart.</a
                                          >
                                        </li>
                                        <li>
                                          <a
                                            href="https://www.metro.ca/en/online-grocery/aisles/deli-prepared-meals?sortOrder=popularity"
                                            class="product-make-choice-cart-starter-error focusOnMySelect hide"
                                            >Specify an option to add the
                                            product to your favourites.</a
                                          >
                                        </li>
                                        <li>
                                          <a
                                            href="https://www.metro.ca/en/online-grocery/aisles/deli-prepared-meals?sortOrder=popularity"
                                            class="product-cart-starter-add-error focusOnMySelect hide"
                                            >An error occurred while adding the
                                            product to your favourites.</a
                                          >
                                        </li>
                                        <li>
                                          <a
                                            href="https://www.metro.ca/en/online-grocery/aisles/deli-prepared-meals?sortOrder=popularity"
                                            class="product-cart-starter-delete-error focusOnMySelect hide"
                                            >An error occurred while deleting
                                            the product.</a
                                          >
                                        </li>
                                        <li>
                                          <a
                                            href="https://www.metro.ca/en/online-grocery/aisles/deli-prepared-meals?sortOrder=popularity"
                                            class="product-cart-update-error focusOnMySelect hide"
                                            >An error occurred while updating
                                            the item in your cart.</a
                                          >
                                        </li>
                                        <li>
                                          <a
                                            href="https://www.metro.ca/en/online-grocery/aisles/deli-prepared-meals?sortOrder=popularity"
                                            class="product-cart-delete-error focusOnMySelect hide"
                                            >An error occurred while deleting
                                            the item in your cart.</a
                                          >
                                        </li>
                                        <li>
                                          <a
                                            href="https://www.metro.ca/en/online-grocery/aisles/deli-prepared-meals?sortOrder=popularity"
                                            class="product-cart-starter-update-error focusOnMySelect hide"
                                            >An error occurred while updating
                                            the product.</a
                                          >
                                        </li>
                                        <li>
                                          <a
                                            href="https://www.metro.ca/en/online-grocery/aisles/deli-prepared-meals?sortOrder=popularity"
                                            class="product-cart-starter-delete-error focusOnMySelect hide"
                                            >An error occurred while deleting
                                            the product.</a
                                          >
                                        </li>
                                        <li>
                                          <a
                                            href="https://www.metro.ca/en/online-grocery/aisles/deli-prepared-meals?sortOrder=popularity"
                                            class="product-age-restriction-cart-starter-error focusOnMySelect hide"
                                            >Please deselect this product.</a
                                          >
                                        </li>
                                      </ul>
                                    </div>

                                    <div class="content__pricing" tabindex="0">
                                      <div
                                        data-main-price="3.79"
                                        data-variant-price="100g"
                                      >
                                        <div
                                          class="pricing__sale-price promo-price"
                                        >
                                          <span
                                            class="price-update pi-price-promo"
                                            >$3.79</span
                                          >
                                          <span>
                                            &nbsp;/ 100
                                            <abbr title="Gram">g</abbr>
                                          </span>
                                        </div>
                                        <div class="pricing__unit-value"></div>

                                        <div class="pricing__secondary-price">
                                          <span
                                            >$37.90 /<abbr title="Kilogram"
                                              >kg</abbr
                                            ></span
                                          ><span
                                            >$17.19 /<abbr title="Pound"
                                              >lb.</abbr
                                            ></span
                                          >
                                        </div>
                                      </div>

                                      <div class="pricing__before-price">
                                        <span class="invisible-text"
                                          >Regular price</span
                                        >

                                        <span>$41.90</span>
                                        <span
                                          >&nbsp;/
                                          <abbr title="Kilogram">kg</abbr></span
                                        >
                                      </div>

                                      <div class="pricing__until-date">
                                        <span>Valid until Feb 1, 2023</span>
                                      </div>
                                    </div>
                                  </div>

                                  <div class="pt__content--actions">
                                    <div class="actions__cart pt--actions">
                                      <button
                                        type="button"
                                        class="action__favorite addToCartStarter"
                                        onclick="findFlowCartStarter(this);"
                                        tabindex="0"
                                        aria-describedby="itemTitle-230869"
                                      >
                                        <svg
                                          xmlns="http://www.w3.org/2000/svg"
                                          width="24.001"
                                          height="24"
                                          viewBox="0 0 24.001 24"
                                        >
                                          <path
                                            d="M19.022,30.288a.734.734,0,0,1-.519-.215L9.66,21.258a8.8,8.8,0,0,1-2.485-4.267A6.723,6.723,0,0,1,13.709,8.75a7.931,7.931,0,0,1,5.284,2.164A7.921,7.921,0,0,1,24.268,8.75,6.744,6.744,0,0,1,30.826,17a8.769,8.769,0,0,1-2.479,4.256l-8.8,8.816a.733.733,0,0,1-.525.217"
                                            transform="translate(-7 -7.75)"
                                            fill="#d81e05"
                                          ></path>
                                        </svg>
                                        <span class="invisible-text"
                                          >Add to your favourites</span
                                        >
                                      </button>

                                      <div
                                        class="invisible-text"
                                        aria-labelledby="added-live--added"
                                        aria-hidden="true"
                                      >
                                        Product added to cart.
                                      </div>

                                      <button
                                        type="button"
                                        class="btn--minus minus-addToCart minus-updateCart action__remove-from-cart lastInCart"
                                        tabindex="-1"
                                        aria-describedby="itemTitle-230869"
                                      >
                                        <span class="invisible-text"
                                          >Decrease quantity unavailable</span
                                        >
                                        <svg
                                          xmlns="http://www.w3.org/2000/svg"
                                          width="14.433"
                                          height="16"
                                          viewBox="0 0 14.433 16"
                                        >
                                          <path
                                            class="cart-minus"
                                            d="M.489,5.524A.488.488,0,0,1,0,5.037V.487a.489.489,0,0,1,.978,0V5.037A.488.488,0,0,1,.489,5.524Z"
                                            transform="translate(11.699 3.091) rotate(90)"
                                            fill="#fff"
                                          ></path>
                                          <path
                                            class="cart-delete"
                                            d="M13670.893,14327.75a.5.5,0,0,1-.5-.468l-.923-12.084h-1.215a.505.505,0,0,1,0-1.011h1.641a.548.548,0,0,1,.08,0h2.247v-1.931a.5.5,0,0,1,.5-.507h4.466a.507.507,0,0,1,.5.507v1.931h2.209a.411.411,0,0,1,.069,0h1.709a.505.505,0,0,1,0,1.011h-1.276l-.835,12.08a.5.5,0,0,1-.5.472Zm.465-1.015h7.24l.8-11.537h-8.92Zm5.326-12.548v-1.426h-3.458v1.426Zm-.224,11.268a.5.5,0,0,1-.481-.529l.342-8.009a.5.5,0,1,1,1.007.043l-.344,8.012a.508.508,0,0,1-.5.483Zm-2.99,0a.507.507,0,0,1-.5-.483l-.341-8.012a.5.5,0,1,1,1-.043l.342,8.009a.505.505,0,0,1-.481.529Z"
                                            transform="translate(-13667.75 -14311.75)"
                                            fill="#fff"
                                          ></path>
                                        </svg>
                                      </button>

                                      <p
                                        class="pt__cart-amount"
                                        aria-live="polite"
                                        aria-atomic="true"
                                      >
                                        <span class="qty-addToCart qty-long-txt"
                                          >100</span
                                        >
                                        <span class="qty-unit qty-long-txt"
                                          >&nbsp;<abbr title="Gram"
                                            >g</abbr
                                          ></span
                                        >
                                      </p>

                                      <button
                                        type="button"
                                        class="btn--plus plus-addToCart plus-updateCart action__add-to-cart"
                                        tabindex="-1"
                                        aria-describedby="itemTitle-230869"
                                      >
                                        <span class="invisible-text"
                                          >Increase quantity</span
                                        >
                                        <svg
                                          class="cart-plus"
                                          xmlns="http://www.w3.org/2000/svg"
                                          width="32"
                                          height="32"
                                          viewBox="0 0 32 32"
                                        >
                                          <g transform="translate(7 8)">
                                            <path
                                              class="shop-cart"
                                              d="M1.2-.75A1.955,1.955,0,1,1-.75,1.205,1.955,1.955,0,0,1,1.2-.75Zm0,2.933a.978.978,0,1,0-.975-.978A.977.977,0,0,0,1.2,2.183Z"
                                              transform="translate(4.538 12.472)"
                                              fill="#fff"
                                            ></path>
                                            <path
                                              class="shop-cart"
                                              d="M1.2-.75A1.955,1.955,0,1,1-.75,1.205,1.955,1.955,0,0,1,1.2-.75Zm0,2.933a.978.978,0,1,0-.975-.978A.977.977,0,0,0,1.2,2.183Z"
                                              transform="translate(11.921 12.472)"
                                              fill="#fff"
                                            ></path>
                                            <path
                                              class="shop-cart"
                                              d="M13.565,14.786H4.576a2.029,2.029,0,0,1-.935-.314,2.09,2.09,0,0,1-.918-1.892v-8.7L.74,3.024a.489.489,0,0,1,.384-.9L3.4,3.105a.489.489,0,0,1,.3.449V12.58a1.189,1.189,0,0,0,.442,1.05,1.092,1.092,0,0,0,.477.178h8.95a.489.489,0,0,1,0,.978Z"
                                              transform="translate(-0.445 -2.086)"
                                              fill="#fff"
                                            ></path>
                                            <path
                                              class="shop-cart"
                                              d="M15.327,13.591H5.706a.486.486,0,0,1-.078-.006A2.023,2.023,0,0,1,3.95,11.533a.487.487,0,1,1,.975,0,1.014,1.014,0,0,0,.4.877,1.275,1.275,0,0,0,.431.2h9.569c.55,0,.811-.743.87-.939V7.049a.487.487,0,1,1,.975,0v4.691a.49.49,0,0,1-.013.114,3.063,3.063,0,0,1-.351.824A1.716,1.716,0,0,1,15.327,13.591Z"
                                              transform="translate(-1.672 -3.644)"
                                              fill="#fff"
                                            ></path>
                                            <g class="cart-plus-group">
                                              <path
                                                class="cart-plus"
                                                d="M-.263,4.79A.488.488,0,0,1-.75,4.3V-.261A.488.488,0,0,1-.263-.75a.488.488,0,0,1,.487.489V4.3A.488.488,0,0,1-.263,4.79Z"
                                                transform="translate(9.199 1.56)"
                                                fill="#fff"
                                              ></path>
                                              <path
                                                class="cart-plus"
                                                d="M.489,5.524A.488.488,0,0,1,0,5.037V.487a.489.489,0,0,1,.978,0V5.037A.488.488,0,0,1,.489,5.524Z"
                                                transform="translate(11.699 3.091) rotate(90)"
                                                fill="#fff"
                                              ></path>
                                            </g>
                                          </g>
                                        </svg>
                                      </button>

                                      <button
                                        class="debounce-250 button-tile-addToCart action__add-to-cart"
                                        data-errorbox="errorBox"
                                        onclick=""
                                        type="button"
                                        tabindex="0"
                                        data-target="/en/service-and-timeslot/service"
                                        aria-describedby="itemTitle-230869"
                                        aria-label="Add to the shopping cart"
                                      >
                                        <svg
                                          class="cart-plus"
                                          xmlns="http://www.w3.org/2000/svg"
                                          width="32"
                                          height="32"
                                          viewBox="0 0 32 32"
                                        >
                                          <g transform="translate(7 8)">
                                            <path
                                              class="shop-cart"
                                              d="M1.2-.75A1.955,1.955,0,1,1-.75,1.205,1.955,1.955,0,0,1,1.2-.75Zm0,2.933a.978.978,0,1,0-.975-.978A.977.977,0,0,0,1.2,2.183Z"
                                              transform="translate(4.538 12.472)"
                                              fill="#fff"
                                            ></path>
                                            <path
                                              class="shop-cart"
                                              d="M1.2-.75A1.955,1.955,0,1,1-.75,1.205,1.955,1.955,0,0,1,1.2-.75Zm0,2.933a.978.978,0,1,0-.975-.978A.977.977,0,0,0,1.2,2.183Z"
                                              transform="translate(11.921 12.472)"
                                              fill="#fff"
                                            ></path>
                                            <path
                                              class="shop-cart"
                                              d="M13.565,14.786H4.576a2.029,2.029,0,0,1-.935-.314,2.09,2.09,0,0,1-.918-1.892v-8.7L.74,3.024a.489.489,0,0,1,.384-.9L3.4,3.105a.489.489,0,0,1,.3.449V12.58a1.189,1.189,0,0,0,.442,1.05,1.092,1.092,0,0,0,.477.178h8.95a.489.489,0,0,1,0,.978Z"
                                              transform="translate(-0.445 -2.086)"
                                              fill="#fff"
                                            ></path>
                                            <path
                                              class="shop-cart"
                                              d="M15.327,13.591H5.706a.486.486,0,0,1-.078-.006A2.023,2.023,0,0,1,3.95,11.533a.487.487,0,1,1,.975,0,1.014,1.014,0,0,0,.4.877,1.275,1.275,0,0,0,.431.2h9.569c.55,0,.811-.743.87-.939V7.049a.487.487,0,1,1,.975,0v4.691a.49.49,0,0,1-.013.114,3.063,3.063,0,0,1-.351.824A1.716,1.716,0,0,1,15.327,13.591Z"
                                              transform="translate(-1.672 -3.644)"
                                              fill="#fff"
                                            ></path>
                                            <g class="cart-plus-group">
                                              <path
                                                class="cart-plus"
                                                d="M-.263,4.79A.488.488,0,0,1-.75,4.3V-.261A.488.488,0,0,1-.263-.75a.488.488,0,0,1,.487.489V4.3A.488.488,0,0,1-.263,4.79Z"
                                                transform="translate(9.199 1.56)"
                                                fill="#fff"
                                              ></path>
                                              <path
                                                class="cart-plus"
                                                d="M.489,5.524A.488.488,0,0,1,0,5.037V.487a.489.489,0,0,1,.978,0V5.037A.488.488,0,0,1,.489,5.524Z"
                                                transform="translate(11.699 3.091) rotate(90)"
                                                fill="#fff"
                                              ></path>
                                            </g>
                                          </g>
                                        </svg>
                                      </button>
                                    </div>
                                  </div>
                                </div>
                              </div>

                              <div
                                class="default-product-tile tile-product item-addToCart"
                                data-product-code="230973"
                                data-unit-increment="100"
                                data-min-qty="100"
                                data-max-qty="5000"
                                data-product-deletable="true"
                                data-is-inactive="false"
                                data-product-name="Angus Roast Beef"
                                data-product-category="Deli &amp; Prepared Meals"
                                data-product-category-id="000009"
                                data-product-brand="Irresistibles"
                                data-category-url="/aisles/deli-prepared-meals/deli-meats/beef"
                                data-is="container-tabs"
                                data-substitution-permission="NO"
                                data-age-restriction="false"
                                data-product-alcohol="false"
                              >
                                <div class="pt__visual">
                                  <a
                                    href="https://www.metro.ca/en/online-grocery/aisles/deli-prepared-meals/deli-meats/beef/angus-roast-beef/p/230973"
                                    tabindex="0"
                                    class="product-details-link"
                                  >
                                    <div
                                      class="tag-in-cart pt--image--incart hide"
                                    >
                                      <img
                                        src="./Deli &amp; Prepared Meals _ Metro_files/cart-check.svg"
                                      />
                                      <span class="invisible-text"
                                        >Product is in the cart</span
                                      >
                                    </div>

                                    <div
                                      class="visual__stickers"
                                      data-dimension-8="REG"
                                    ></div>

                                    <picture class="defaultable-picture">
                                      <source
                                        media="(min-width: 730px)"
                                        srcset="
                                          https://product-images.metro.ca/images/h3f/h91/9203013058590.jpg,
                                          https://product-images.metro.ca/images/h6d/h91/9203013910558.jpg 2x
                                        "
                                      />
                                      <source
                                        media="(min-width: 115px)"
                                        srcset="
                                          https://product-images.metro.ca/images/hd5/he0/9203013386270.jpg,
                                          https://product-images.metro.ca/images/h23/h18/9203013156894.jpg 2x
                                        "
                                      />

                                      <img
                                        onerror="replaceErrorImageByDefaultImage(this)"
                                        alt="Artisan Angus Roast Beef "
                                        src="./Deli &amp; Prepared Meals _ Metro_files/9203013386270.jpg"
                                        srcset="
                                          https://product-images.metro.ca/images/hd5/he0/9203013386270.jpg,
                                          https://product-images.metro.ca/images/h23/h18/9203013156894.jpg 2x
                                        "
                                        data-default="/images/shared/placeholders/icon-no-picture.svg"
                                      />
                                    </picture>
                                  </a>
                                </div>

                                <div class="pt__content">
                                  <div class="pt__content--wrap">
                                    <div class="content__head">
                                      <span class="head__brand">
                                        Irresistibles
                                      </span>

                                      <a
                                        href="https://www.metro.ca/en/online-grocery/aisles/deli-prepared-meals/deli-meats/beef/angus-roast-beef/p/230973"
                                        tabindex="0"
                                        class="product-details-link"
                                      >
                                        <div
                                          class="head__title"
                                          id="itemTitle-230973"
                                        >
                                          Angus Roast Beef, Artisan
                                        </div>
                                      </a>

                                      <div
                                        class="pt-option-select"
                                        tabindex="0"
                                      >
                                        <div class="pi-actions-approx">
                                          <div class="pi--cut-wrapper">
                                            <select
                                              class="pt--cut-select select-addToCart"
                                              name="select_element"
                                              tabindex="0"
                                              data-configuration-code="P02"
                                              aria-label="select your Thickness"
                                            >
                                              <option
                                                value="1"
                                                default-option="true"
                                                aria-label="select your Thickness"
                                              >
                                                Thickness
                                              </option>
                                              <option
                                                value="P0201"
                                                code-id="P0201"
                                                desc="avg. 4 slices / 100 g"
                                                default-option="false"
                                              >
                                                Shaved
                                              </option>
                                              <option
                                                value="P0202"
                                                code-id="P0202"
                                                desc="avg. 3 slices / 100 g"
                                                default-option="false"
                                              >
                                                Thin
                                              </option>
                                              <option
                                                value="P0203"
                                                code-id="P0203"
                                                desc="avg. 2 slices / 100 g"
                                                default-option="false"
                                              >
                                                Regular
                                              </option>
                                            </select>
                                          </div>
                                        </div>

                                        <div
                                          aria-live="polite"
                                          class="pt-approx"
                                        >
                                          <span class="desc-addToCart"></span>
                                        </div>
                                      </div>
                                    </div>

                                    <div class="error-summary hide">
                                      <ul>
                                        <li>
                                          <a
                                            href="https://www.metro.ca/en/online-grocery/aisles/deli-prepared-meals?sortOrder=popularity"
                                            class="product-make-choice-error focusOnMySelect hide"
                                            >Specify an option to add the
                                            product to your cart.</a
                                          >
                                        </li>
                                        <li>
                                          <a
                                            href="https://www.metro.ca/en/online-grocery/aisles/deli-prepared-meals?sortOrder=popularity"
                                            class="product-make-choice-cart-starter-error focusOnMySelect hide"
                                            >Specify an option to add the
                                            product to your favourites.</a
                                          >
                                        </li>
                                        <li>
                                          <a
                                            href="https://www.metro.ca/en/online-grocery/aisles/deli-prepared-meals?sortOrder=popularity"
                                            class="product-cart-starter-add-error focusOnMySelect hide"
                                            >An error occurred while adding the
                                            product to your favourites.</a
                                          >
                                        </li>
                                        <li>
                                          <a
                                            href="https://www.metro.ca/en/online-grocery/aisles/deli-prepared-meals?sortOrder=popularity"
                                            class="product-cart-starter-delete-error focusOnMySelect hide"
                                            >An error occurred while deleting
                                            the product.</a
                                          >
                                        </li>
                                        <li>
                                          <a
                                            href="https://www.metro.ca/en/online-grocery/aisles/deli-prepared-meals?sortOrder=popularity"
                                            class="product-cart-update-error focusOnMySelect hide"
                                            >An error occurred while updating
                                            the item in your cart.</a
                                          >
                                        </li>
                                        <li>
                                          <a
                                            href="https://www.metro.ca/en/online-grocery/aisles/deli-prepared-meals?sortOrder=popularity"
                                            class="product-cart-delete-error focusOnMySelect hide"
                                            >An error occurred while deleting
                                            the item in your cart.</a
                                          >
                                        </li>
                                        <li>
                                          <a
                                            href="https://www.metro.ca/en/online-grocery/aisles/deli-prepared-meals?sortOrder=popularity"
                                            class="product-cart-starter-update-error focusOnMySelect hide"
                                            >An error occurred while updating
                                            the product.</a
                                          >
                                        </li>
                                        <li>
                                          <a
                                            href="https://www.metro.ca/en/online-grocery/aisles/deli-prepared-meals?sortOrder=popularity"
                                            class="product-cart-starter-delete-error focusOnMySelect hide"
                                            >An error occurred while deleting
                                            the product.</a
                                          >
                                        </li>
                                        <li>
                                          <a
                                            href="https://www.metro.ca/en/online-grocery/aisles/deli-prepared-meals?sortOrder=popularity"
                                            class="product-age-restriction-cart-starter-error focusOnMySelect hide"
                                            >Please deselect this product.</a
                                          >
                                        </li>
                                      </ul>
                                    </div>

                                    <div class="content__pricing" tabindex="0">
                                      <div
                                        data-main-price="4.79"
                                        data-variant-price="100g"
                                      >
                                        <div class="pricing__sale-price">
                                          <span class="price-update"
                                            >$4.79</span
                                          >
                                          <span>
                                            &nbsp;/ 100
                                            <abbr title="Gram">g</abbr>
                                          </span>
                                        </div>
                                        <div class="pricing__unit-value"></div>

                                        <div class="pricing__secondary-price">
                                          <span
                                            >$47.90 /<abbr title="Kilogram"
                                              >kg</abbr
                                            ></span
                                          ><span
                                            >$21.73 /<abbr title="Pound"
                                              >lb.</abbr
                                            ></span
                                          >
                                        </div>
                                      </div>
                                    </div>
                                  </div>

                                  <div class="pt__content--actions">
                                    <div class="actions__cart pt--actions">
                                      <button
                                        type="button"
                                        class="action__favorite addToCartStarter"
                                        onclick="findFlowCartStarter(this);"
                                        tabindex="0"
                                        aria-describedby="itemTitle-230973"
                                      >
                                        <svg
                                          xmlns="http://www.w3.org/2000/svg"
                                          width="24.001"
                                          height="24"
                                          viewBox="0 0 24.001 24"
                                        >
                                          <path
                                            d="M19.022,30.288a.734.734,0,0,1-.519-.215L9.66,21.258a8.8,8.8,0,0,1-2.485-4.267A6.723,6.723,0,0,1,13.709,8.75a7.931,7.931,0,0,1,5.284,2.164A7.921,7.921,0,0,1,24.268,8.75,6.744,6.744,0,0,1,30.826,17a8.769,8.769,0,0,1-2.479,4.256l-8.8,8.816a.733.733,0,0,1-.525.217"
                                            transform="translate(-7 -7.75)"
                                            fill="#d81e05"
                                          ></path>
                                        </svg>
                                        <span class="invisible-text"
                                          >Add to your favourites</span
                                        >
                                      </button>

                                      <div
                                        class="invisible-text"
                                        aria-labelledby="added-live--added"
                                        aria-hidden="true"
                                      >
                                        Product added to cart.
                                      </div>

                                      <button
                                        type="button"
                                        class="btn--minus minus-addToCart minus-updateCart action__remove-from-cart lastInCart"
                                        tabindex="-1"
                                        aria-describedby="itemTitle-230973"
                                      >
                                        <span class="invisible-text"
                                          >Decrease quantity unavailable</span
                                        >
                                        <svg
                                          xmlns="http://www.w3.org/2000/svg"
                                          width="14.433"
                                          height="16"
                                          viewBox="0 0 14.433 16"
                                        >
                                          <path
                                            class="cart-minus"
                                            d="M.489,5.524A.488.488,0,0,1,0,5.037V.487a.489.489,0,0,1,.978,0V5.037A.488.488,0,0,1,.489,5.524Z"
                                            transform="translate(11.699 3.091) rotate(90)"
                                            fill="#fff"
                                          ></path>
                                          <path
                                            class="cart-delete"
                                            d="M13670.893,14327.75a.5.5,0,0,1-.5-.468l-.923-12.084h-1.215a.505.505,0,0,1,0-1.011h1.641a.548.548,0,0,1,.08,0h2.247v-1.931a.5.5,0,0,1,.5-.507h4.466a.507.507,0,0,1,.5.507v1.931h2.209a.411.411,0,0,1,.069,0h1.709a.505.505,0,0,1,0,1.011h-1.276l-.835,12.08a.5.5,0,0,1-.5.472Zm.465-1.015h7.24l.8-11.537h-8.92Zm5.326-12.548v-1.426h-3.458v1.426Zm-.224,11.268a.5.5,0,0,1-.481-.529l.342-8.009a.5.5,0,1,1,1.007.043l-.344,8.012a.508.508,0,0,1-.5.483Zm-2.99,0a.507.507,0,0,1-.5-.483l-.341-8.012a.5.5,0,1,1,1-.043l.342,8.009a.505.505,0,0,1-.481.529Z"
                                            transform="translate(-13667.75 -14311.75)"
                                            fill="#fff"
                                          ></path>
                                        </svg>
                                      </button>

                                      <p
                                        class="pt__cart-amount"
                                        aria-live="polite"
                                        aria-atomic="true"
                                      >
                                        <span class="qty-addToCart qty-long-txt"
                                          >100</span
                                        >
                                        <span class="qty-unit qty-long-txt"
                                          >&nbsp;<abbr title="Gram"
                                            >g</abbr
                                          ></span
                                        >
                                      </p>

                                      <button
                                        type="button"
                                        class="btn--plus plus-addToCart plus-updateCart action__add-to-cart"
                                        tabindex="-1"
                                        aria-describedby="itemTitle-230973"
                                      >
                                        <span class="invisible-text"
                                          >Increase quantity</span
                                        >
                                        <svg
                                          class="cart-plus"
                                          xmlns="http://www.w3.org/2000/svg"
                                          width="32"
                                          height="32"
                                          viewBox="0 0 32 32"
                                        >
                                          <g transform="translate(7 8)">
                                            <path
                                              class="shop-cart"
                                              d="M1.2-.75A1.955,1.955,0,1,1-.75,1.205,1.955,1.955,0,0,1,1.2-.75Zm0,2.933a.978.978,0,1,0-.975-.978A.977.977,0,0,0,1.2,2.183Z"
                                              transform="translate(4.538 12.472)"
                                              fill="#fff"
                                            ></path>
                                            <path
                                              class="shop-cart"
                                              d="M1.2-.75A1.955,1.955,0,1,1-.75,1.205,1.955,1.955,0,0,1,1.2-.75Zm0,2.933a.978.978,0,1,0-.975-.978A.977.977,0,0,0,1.2,2.183Z"
                                              transform="translate(11.921 12.472)"
                                              fill="#fff"
                                            ></path>
                                            <path
                                              class="shop-cart"
                                              d="M13.565,14.786H4.576a2.029,2.029,0,0,1-.935-.314,2.09,2.09,0,0,1-.918-1.892v-8.7L.74,3.024a.489.489,0,0,1,.384-.9L3.4,3.105a.489.489,0,0,1,.3.449V12.58a1.189,1.189,0,0,0,.442,1.05,1.092,1.092,0,0,0,.477.178h8.95a.489.489,0,0,1,0,.978Z"
                                              transform="translate(-0.445 -2.086)"
                                              fill="#fff"
                                            ></path>
                                            <path
                                              class="shop-cart"
                                              d="M15.327,13.591H5.706a.486.486,0,0,1-.078-.006A2.023,2.023,0,0,1,3.95,11.533a.487.487,0,1,1,.975,0,1.014,1.014,0,0,0,.4.877,1.275,1.275,0,0,0,.431.2h9.569c.55,0,.811-.743.87-.939V7.049a.487.487,0,1,1,.975,0v4.691a.49.49,0,0,1-.013.114,3.063,3.063,0,0,1-.351.824A1.716,1.716,0,0,1,15.327,13.591Z"
                                              transform="translate(-1.672 -3.644)"
                                              fill="#fff"
                                            ></path>
                                            <g class="cart-plus-group">
                                              <path
                                                class="cart-plus"
                                                d="M-.263,4.79A.488.488,0,0,1-.75,4.3V-.261A.488.488,0,0,1-.263-.75a.488.488,0,0,1,.487.489V4.3A.488.488,0,0,1-.263,4.79Z"
                                                transform="translate(9.199 1.56)"
                                                fill="#fff"
                                              ></path>
                                              <path
                                                class="cart-plus"
                                                d="M.489,5.524A.488.488,0,0,1,0,5.037V.487a.489.489,0,0,1,.978,0V5.037A.488.488,0,0,1,.489,5.524Z"
                                                transform="translate(11.699 3.091) rotate(90)"
                                                fill="#fff"
                                              ></path>
                                            </g>
                                          </g>
                                        </svg>
                                      </button>

                                      <button
                                        class="debounce-250 button-tile-addToCart action__add-to-cart"
                                        data-errorbox="errorBox"
                                        onclick=""
                                        type="button"
                                        tabindex="0"
                                        data-target="/en/service-and-timeslot/service"
                                        aria-describedby="itemTitle-230973"
                                        aria-label="Add to the shopping cart"
                                      >
                                        <svg
                                          class="cart-plus"
                                          xmlns="http://www.w3.org/2000/svg"
                                          width="32"
                                          height="32"
                                          viewBox="0 0 32 32"
                                        >
                                          <g transform="translate(7 8)">
                                            <path
                                              class="shop-cart"
                                              d="M1.2-.75A1.955,1.955,0,1,1-.75,1.205,1.955,1.955,0,0,1,1.2-.75Zm0,2.933a.978.978,0,1,0-.975-.978A.977.977,0,0,0,1.2,2.183Z"
                                              transform="translate(4.538 12.472)"
                                              fill="#fff"
                                            ></path>
                                            <path
                                              class="shop-cart"
                                              d="M1.2-.75A1.955,1.955,0,1,1-.75,1.205,1.955,1.955,0,0,1,1.2-.75Zm0,2.933a.978.978,0,1,0-.975-.978A.977.977,0,0,0,1.2,2.183Z"
                                              transform="translate(11.921 12.472)"
                                              fill="#fff"
                                            ></path>
                                            <path
                                              class="shop-cart"
                                              d="M13.565,14.786H4.576a2.029,2.029,0,0,1-.935-.314,2.09,2.09,0,0,1-.918-1.892v-8.7L.74,3.024a.489.489,0,0,1,.384-.9L3.4,3.105a.489.489,0,0,1,.3.449V12.58a1.189,1.189,0,0,0,.442,1.05,1.092,1.092,0,0,0,.477.178h8.95a.489.489,0,0,1,0,.978Z"
                                              transform="translate(-0.445 -2.086)"
                                              fill="#fff"
                                            ></path>
                                            <path
                                              class="shop-cart"
                                              d="M15.327,13.591H5.706a.486.486,0,0,1-.078-.006A2.023,2.023,0,0,1,3.95,11.533a.487.487,0,1,1,.975,0,1.014,1.014,0,0,0,.4.877,1.275,1.275,0,0,0,.431.2h9.569c.55,0,.811-.743.87-.939V7.049a.487.487,0,1,1,.975,0v4.691a.49.49,0,0,1-.013.114,3.063,3.063,0,0,1-.351.824A1.716,1.716,0,0,1,15.327,13.591Z"
                                              transform="translate(-1.672 -3.644)"
                                              fill="#fff"
                                            ></path>
                                            <g class="cart-plus-group">
                                              <path
                                                class="cart-plus"
                                                d="M-.263,4.79A.488.488,0,0,1-.75,4.3V-.261A.488.488,0,0,1-.263-.75a.488.488,0,0,1,.487.489V4.3A.488.488,0,0,1-.263,4.79Z"
                                                transform="translate(9.199 1.56)"
                                                fill="#fff"
                                              ></path>
                                              <path
                                                class="cart-plus"
                                                d="M.489,5.524A.488.488,0,0,1,0,5.037V.487a.489.489,0,0,1,.978,0V5.037A.488.488,0,0,1,.489,5.524Z"
                                                transform="translate(11.699 3.091) rotate(90)"
                                                fill="#fff"
                                              ></path>
                                            </g>
                                          </g>
                                        </svg>
                                      </button>
                                    </div>
                                  </div>
                                </div>
                              </div>

                              <div
                                class="default-product-tile tile-product item-addToCart"
                                data-product-code="224371"
                                data-unit-increment="1"
                                data-min-qty="1"
                                data-max-qty="12"
                                data-product-deletable="true"
                                data-is-inactive="false"
                                data-product-name="Pollock and Shrimp Salad"
                                data-product-category="Fish &amp; Seafood"
                                data-product-category-id="000007"
                                data-product-brand="Fresh 2 Go"
                                data-category-url="/aisles/fish-seafood/prepared-fish-seafood/prepared-fish-seafood"
                                data-is="container-tabs"
                                data-substitution-permission="NO"
                                data-age-restriction="false"
                                data-product-alcohol="false"
                              >
                                <div class="pt__visual">
                                  <a
                                    href="https://www.metro.ca/en/online-grocery/aisles/fish-seafood/prepared-fish-seafood/prepared-fish-seafood/pollock-and-shrimp-salad/p/224371"
                                    tabindex="0"
                                    class="product-details-link"
                                  >
                                    <div
                                      class="tag-in-cart pt--image--incart hide"
                                    >
                                      <img
                                        src="./Deli &amp; Prepared Meals _ Metro_files/cart-check.svg"
                                      />
                                      <span class="invisible-text"
                                        >Product is in the cart</span
                                      >
                                    </div>

                                    <div
                                      class="visual__stickers"
                                      data-dimension-8="REG"
                                    ></div>

                                    <picture class="defaultable-picture">
                                      <source
                                        media="(min-width: 730px)"
                                        srcset="
                                          https://product-images.metro.ca/images/hd6/hcc/8900513890334.jpg,
                                          https://product-images.metro.ca/images/hab/ha0/8900514840606.jpg 2x
                                        "
                                      />
                                      <source
                                        media="(min-width: 115px)"
                                        srcset="
                                          https://product-images.metro.ca/images/he8/ha3/8900514283550.jpg,
                                          https://product-images.metro.ca/images/h2a/h3a/8900514021406.jpg 2x
                                        "
                                      />

                                      <img
                                        onerror="replaceErrorImageByDefaultImage(this)"
                                        alt="Fresh 2 Go Pollock and Shrimp Salad "
                                        src="./Deli &amp; Prepared Meals _ Metro_files/8900514283550.jpg"
                                        srcset="
                                          https://product-images.metro.ca/images/he8/ha3/8900514283550.jpg,
                                          https://product-images.metro.ca/images/h2a/h3a/8900514021406.jpg 2x
                                        "
                                        data-default="/images/shared/placeholders/icon-no-picture.svg"
                                      />
                                    </picture>
                                  </a>
                                </div>

                                <div class="pt__content">
                                  <div class="pt__content--wrap">
                                    <div class="content__head">
                                      <span class="head__brand">
                                        Fresh 2 Go
                                      </span>

                                      <a
                                        href="https://www.metro.ca/en/online-grocery/aisles/fish-seafood/prepared-fish-seafood/prepared-fish-seafood/pollock-and-shrimp-salad/p/224371"
                                        tabindex="0"
                                        class="product-details-link"
                                      >
                                        <div
                                          class="head__title"
                                          id="itemTitle-224371"
                                        >
                                          Pollock and Shrimp Salad
                                        </div>
                                      </a>

                                      <div
                                        class="pt-option-select"
                                        tabindex="0"
                                      >
                                        <div class="pi-actions-approx">
                                          <div class="pi--cut-wrapper">
                                            <select
                                              class="pt--cut-select select-addToCart"
                                              name="select_element"
                                              tabindex="0"
                                              data-configuration-code="P04"
                                              aria-label="select your Size"
                                            >
                                              <option
                                                value="1"
                                                default-option="false"
                                                aria-label="select your Size"
                                                disabled="disabled"
                                              >
                                                Size
                                              </option>
                                              <option
                                                value="P0401"
                                                code-id="P0401"
                                                main-price="$6.06"
                                                unit-factor="250.0"
                                                regular-price="$6.06"
                                                default-option="true"
                                                selected="selected"
                                                class="activeOption"
                                              >
                                                Small
                                              </option>
                                              <option
                                                value="P0402"
                                                code-id="P0402"
                                                main-price="$10.30"
                                                unit-factor="425.0"
                                                regular-price="$10.30"
                                                default-option="false"
                                              >
                                                Medium
                                              </option>
                                              <option
                                                value="P0403"
                                                code-id="P0403"
                                                main-price="$16.48"
                                                unit-factor="680.0"
                                                regular-price="$16.48"
                                                default-option="false"
                                              >
                                                Large
                                              </option>
                                            </select>
                                          </div>
                                        </div>
                                      </div>
                                    </div>

                                    <div class="error-summary hide">
                                      <ul>
                                        <li>
                                          <a
                                            href="https://www.metro.ca/en/online-grocery/aisles/deli-prepared-meals?sortOrder=popularity"
                                            class="product-make-choice-error focusOnMySelect hide"
                                            >Specify an option to add the
                                            product to your cart.</a
                                          >
                                        </li>
                                        <li>
                                          <a
                                            href="https://www.metro.ca/en/online-grocery/aisles/deli-prepared-meals?sortOrder=popularity"
                                            class="product-make-choice-cart-starter-error focusOnMySelect hide"
                                            >Specify an option to add the
                                            product to your favourites.</a
                                          >
                                        </li>
                                        <li>
                                          <a
                                            href="https://www.metro.ca/en/online-grocery/aisles/deli-prepared-meals?sortOrder=popularity"
                                            class="product-cart-starter-add-error focusOnMySelect hide"
                                            >An error occurred while adding the
                                            product to your favourites.</a
                                          >
                                        </li>
                                        <li>
                                          <a
                                            href="https://www.metro.ca/en/online-grocery/aisles/deli-prepared-meals?sortOrder=popularity"
                                            class="product-cart-starter-delete-error focusOnMySelect hide"
                                            >An error occurred while deleting
                                            the product.</a
                                          >
                                        </li>
                                        <li>
                                          <a
                                            href="https://www.metro.ca/en/online-grocery/aisles/deli-prepared-meals?sortOrder=popularity"
                                            class="product-cart-update-error focusOnMySelect hide"
                                            >An error occurred while updating
                                            the item in your cart.</a
                                          >
                                        </li>
                                        <li>
                                          <a
                                            href="https://www.metro.ca/en/online-grocery/aisles/deli-prepared-meals?sortOrder=popularity"
                                            class="product-cart-delete-error focusOnMySelect hide"
                                            >An error occurred while deleting
                                            the item in your cart.</a
                                          >
                                        </li>
                                        <li>
                                          <a
                                            href="https://www.metro.ca/en/online-grocery/aisles/deli-prepared-meals?sortOrder=popularity"
                                            class="product-cart-starter-update-error focusOnMySelect hide"
                                            >An error occurred while updating
                                            the product.</a
                                          >
                                        </li>
                                        <li>
                                          <a
                                            href="https://www.metro.ca/en/online-grocery/aisles/deli-prepared-meals?sortOrder=popularity"
                                            class="product-cart-starter-delete-error focusOnMySelect hide"
                                            >An error occurred while deleting
                                            the product.</a
                                          >
                                        </li>
                                        <li>
                                          <a
                                            href="https://www.metro.ca/en/online-grocery/aisles/deli-prepared-meals?sortOrder=popularity"
                                            class="product-age-restriction-cart-starter-error focusOnMySelect hide"
                                            >Please deselect this product.</a
                                          >
                                        </li>
                                      </ul>
                                    </div>

                                    <div class="content__pricing" tabindex="0">
                                      <div data-main-price="6.06">
                                        <div class="pricing__sale-price">
                                          <span class="price-update"
                                            >$6.06</span
                                          >
                                          <span>
                                            &nbsp;<abbr title="average"
                                              >avg.</abbr
                                            >&nbsp;<abbr title="Each">ea.</abbr>
                                          </span>
                                        </div>
                                        <div class="pricing__unit-value">
                                          <span class="unit-update"
                                            >(<span class="unit-factor"
                                              >250</span
                                            >&nbsp;g&nbsp;<abbr title="average"
                                              >avg.</abbr
                                            >)</span
                                          >
                                        </div>

                                        <div class="pricing__secondary-price">
                                          <span
                                            >$24.23 /<abbr title="Kilogram"
                                              >kg</abbr
                                            ></span
                                          ><span
                                            >$10.99 /<abbr title="Pound"
                                              >lb.</abbr
                                            ></span
                                          >
                                        </div>
                                      </div>
                                    </div>
                                  </div>

                                  <div class="pt__content--actions">
                                    <div class="actions__cart pt--actions">
                                      <button
                                        type="button"
                                        class="action__favorite addToCartStarter"
                                        onclick="findFlowCartStarter(this);"
                                        tabindex="0"
                                        aria-describedby="itemTitle-224371"
                                      >
                                        <svg
                                          xmlns="http://www.w3.org/2000/svg"
                                          width="24.001"
                                          height="24"
                                          viewBox="0 0 24.001 24"
                                        >
                                          <path
                                            d="M19.022,30.288a.734.734,0,0,1-.519-.215L9.66,21.258a8.8,8.8,0,0,1-2.485-4.267A6.723,6.723,0,0,1,13.709,8.75a7.931,7.931,0,0,1,5.284,2.164A7.921,7.921,0,0,1,24.268,8.75,6.744,6.744,0,0,1,30.826,17a8.769,8.769,0,0,1-2.479,4.256l-8.8,8.816a.733.733,0,0,1-.525.217"
                                            transform="translate(-7 -7.75)"
                                            fill="#d81e05"
                                          ></path>
                                        </svg>
                                        <span class="invisible-text"
                                          >Add to your favourites</span
                                        >
                                      </button>

                                      <div
                                        class="invisible-text"
                                        aria-labelledby="added-live--added"
                                        aria-hidden="true"
                                      >
                                        Product added to cart.
                                      </div>

                                      <button
                                        type="button"
                                        class="btn--minus minus-addToCart minus-updateCart action__remove-from-cart lastInCart"
                                        tabindex="-1"
                                        aria-describedby="itemTitle-224371"
                                      >
                                        <span class="invisible-text"
                                          >Decrease quantity unavailable</span
                                        >
                                        <svg
                                          xmlns="http://www.w3.org/2000/svg"
                                          width="14.433"
                                          height="16"
                                          viewBox="0 0 14.433 16"
                                        >
                                          <path
                                            class="cart-minus"
                                            d="M.489,5.524A.488.488,0,0,1,0,5.037V.487a.489.489,0,0,1,.978,0V5.037A.488.488,0,0,1,.489,5.524Z"
                                            transform="translate(11.699 3.091) rotate(90)"
                                            fill="#fff"
                                          ></path>
                                          <path
                                            class="cart-delete"
                                            d="M13670.893,14327.75a.5.5,0,0,1-.5-.468l-.923-12.084h-1.215a.505.505,0,0,1,0-1.011h1.641a.548.548,0,0,1,.08,0h2.247v-1.931a.5.5,0,0,1,.5-.507h4.466a.507.507,0,0,1,.5.507v1.931h2.209a.411.411,0,0,1,.069,0h1.709a.505.505,0,0,1,0,1.011h-1.276l-.835,12.08a.5.5,0,0,1-.5.472Zm.465-1.015h7.24l.8-11.537h-8.92Zm5.326-12.548v-1.426h-3.458v1.426Zm-.224,11.268a.5.5,0,0,1-.481-.529l.342-8.009a.5.5,0,1,1,1.007.043l-.344,8.012a.508.508,0,0,1-.5.483Zm-2.99,0a.507.507,0,0,1-.5-.483l-.341-8.012a.5.5,0,1,1,1-.043l.342,8.009a.505.505,0,0,1-.481.529Z"
                                            transform="translate(-13667.75 -14311.75)"
                                            fill="#fff"
                                          ></path>
                                        </svg>
                                      </button>

                                      <p
                                        class="pt__cart-amount"
                                        aria-live="polite"
                                        aria-atomic="true"
                                      >
                                        <span class="qty-addToCart">1</span>
                                      </p>

                                      <button
                                        type="button"
                                        class="btn--plus plus-addToCart plus-updateCart action__add-to-cart"
                                        tabindex="-1"
                                        aria-describedby="itemTitle-224371"
                                      >
                                        <span class="invisible-text"
                                          >Increase quantity</span
                                        >
                                        <svg
                                          class="cart-plus"
                                          xmlns="http://www.w3.org/2000/svg"
                                          width="32"
                                          height="32"
                                          viewBox="0 0 32 32"
                                        >
                                          <g transform="translate(7 8)">
                                            <path
                                              class="shop-cart"
                                              d="M1.2-.75A1.955,1.955,0,1,1-.75,1.205,1.955,1.955,0,0,1,1.2-.75Zm0,2.933a.978.978,0,1,0-.975-.978A.977.977,0,0,0,1.2,2.183Z"
                                              transform="translate(4.538 12.472)"
                                              fill="#fff"
                                            ></path>
                                            <path
                                              class="shop-cart"
                                              d="M1.2-.75A1.955,1.955,0,1,1-.75,1.205,1.955,1.955,0,0,1,1.2-.75Zm0,2.933a.978.978,0,1,0-.975-.978A.977.977,0,0,0,1.2,2.183Z"
                                              transform="translate(11.921 12.472)"
                                              fill="#fff"
                                            ></path>
                                            <path
                                              class="shop-cart"
                                              d="M13.565,14.786H4.576a2.029,2.029,0,0,1-.935-.314,2.09,2.09,0,0,1-.918-1.892v-8.7L.74,3.024a.489.489,0,0,1,.384-.9L3.4,3.105a.489.489,0,0,1,.3.449V12.58a1.189,1.189,0,0,0,.442,1.05,1.092,1.092,0,0,0,.477.178h8.95a.489.489,0,0,1,0,.978Z"
                                              transform="translate(-0.445 -2.086)"
                                              fill="#fff"
                                            ></path>
                                            <path
                                              class="shop-cart"
                                              d="M15.327,13.591H5.706a.486.486,0,0,1-.078-.006A2.023,2.023,0,0,1,3.95,11.533a.487.487,0,1,1,.975,0,1.014,1.014,0,0,0,.4.877,1.275,1.275,0,0,0,.431.2h9.569c.55,0,.811-.743.87-.939V7.049a.487.487,0,1,1,.975,0v4.691a.49.49,0,0,1-.013.114,3.063,3.063,0,0,1-.351.824A1.716,1.716,0,0,1,15.327,13.591Z"
                                              transform="translate(-1.672 -3.644)"
                                              fill="#fff"
                                            ></path>
                                            <g class="cart-plus-group">
                                              <path
                                                class="cart-plus"
                                                d="M-.263,4.79A.488.488,0,0,1-.75,4.3V-.261A.488.488,0,0,1-.263-.75a.488.488,0,0,1,.487.489V4.3A.488.488,0,0,1-.263,4.79Z"
                                                transform="translate(9.199 1.56)"
                                                fill="#fff"
                                              ></path>
                                              <path
                                                class="cart-plus"
                                                d="M.489,5.524A.488.488,0,0,1,0,5.037V.487a.489.489,0,0,1,.978,0V5.037A.488.488,0,0,1,.489,5.524Z"
                                                transform="translate(11.699 3.091) rotate(90)"
                                                fill="#fff"
                                              ></path>
                                            </g>
                                          </g>
                                        </svg>
                                      </button>

                                      <button
                                        class="debounce-250 button-tile-addToCart action__add-to-cart"
                                        data-errorbox="errorBox"
                                        onclick=""
                                        type="button"
                                        tabindex="0"
                                        data-target="/en/service-and-timeslot/service"
                                        aria-describedby="itemTitle-224371"
                                        aria-label="Add to the shopping cart"
                                      >
                                        <svg
                                          class="cart-plus"
                                          xmlns="http://www.w3.org/2000/svg"
                                          width="32"
                                          height="32"
                                          viewBox="0 0 32 32"
                                        >
                                          <g transform="translate(7 8)">
                                            <path
                                              class="shop-cart"
                                              d="M1.2-.75A1.955,1.955,0,1,1-.75,1.205,1.955,1.955,0,0,1,1.2-.75Zm0,2.933a.978.978,0,1,0-.975-.978A.977.977,0,0,0,1.2,2.183Z"
                                              transform="translate(4.538 12.472)"
                                              fill="#fff"
                                            ></path>
                                            <path
                                              class="shop-cart"
                                              d="M1.2-.75A1.955,1.955,0,1,1-.75,1.205,1.955,1.955,0,0,1,1.2-.75Zm0,2.933a.978.978,0,1,0-.975-.978A.977.977,0,0,0,1.2,2.183Z"
                                              transform="translate(11.921 12.472)"
                                              fill="#fff"
                                            ></path>
                                            <path
                                              class="shop-cart"
                                              d="M13.565,14.786H4.576a2.029,2.029,0,0,1-.935-.314,2.09,2.09,0,0,1-.918-1.892v-8.7L.74,3.024a.489.489,0,0,1,.384-.9L3.4,3.105a.489.489,0,0,1,.3.449V12.58a1.189,1.189,0,0,0,.442,1.05,1.092,1.092,0,0,0,.477.178h8.95a.489.489,0,0,1,0,.978Z"
                                              transform="translate(-0.445 -2.086)"
                                              fill="#fff"
                                            ></path>
                                            <path
                                              class="shop-cart"
                                              d="M15.327,13.591H5.706a.486.486,0,0,1-.078-.006A2.023,2.023,0,0,1,3.95,11.533a.487.487,0,1,1,.975,0,1.014,1.014,0,0,0,.4.877,1.275,1.275,0,0,0,.431.2h9.569c.55,0,.811-.743.87-.939V7.049a.487.487,0,1,1,.975,0v4.691a.49.49,0,0,1-.013.114,3.063,3.063,0,0,1-.351.824A1.716,1.716,0,0,1,15.327,13.591Z"
                                              transform="translate(-1.672 -3.644)"
                                              fill="#fff"
                                            ></path>
                                            <g class="cart-plus-group">
                                              <path
                                                class="cart-plus"
                                                d="M-.263,4.79A.488.488,0,0,1-.75,4.3V-.261A.488.488,0,0,1-.263-.75a.488.488,0,0,1,.487.489V4.3A.488.488,0,0,1-.263,4.79Z"
                                                transform="translate(9.199 1.56)"
                                                fill="#fff"
                                              ></path>
                                              <path
                                                class="cart-plus"
                                                d="M.489,5.524A.488.488,0,0,1,0,5.037V.487a.489.489,0,0,1,.978,0V5.037A.488.488,0,0,1,.489,5.524Z"
                                                transform="translate(11.699 3.091) rotate(90)"
                                                fill="#fff"
                                              ></path>
                                            </g>
                                          </g>
                                        </svg>
                                      </button>
                                    </div>
                                  </div>
                                </div>
                              </div>

                              <div
                                class="default-product-tile tile-product item-addToCart tile-product--effective-date"
                                data-product-code="770333022009"
                                data-unit-increment="1"
                                data-min-qty="1"
                                data-max-qty="12"
                                data-product-deletable="true"
                                data-is-inactive="false"
                                data-product-name="Traditional Hummus"
                                data-product-category="Deli &amp; Prepared Meals"
                                data-product-category-id="000009"
                                data-product-brand="Fontaine SantÃ©"
                                data-category-url="/aisles/deli-prepared-meals/antipasto-dips-pates/hummus-spreads"
                                data-is="container-tabs"
                                data-substitution-permission="NO"
                                data-age-restriction="false"
                                data-product-alcohol="false"
                              >
                                <div class="pt__visual">
                                  <a
                                    href="https://www.metro.ca/en/online-grocery/aisles/deli-prepared-meals/antipasto-dips-pates/hummus-spreads/traditional-hummus/p/770333022009"
                                    tabindex="0"
                                    class="product-details-link"
                                  >
                                    <div
                                      class="tag-in-cart pt--image--incart hide"
                                    >
                                      <img
                                        src="./Deli &amp; Prepared Meals _ Metro_files/cart-check.svg"
                                      />
                                      <span class="invisible-text"
                                        >Product is in the cart</span
                                      >
                                    </div>

                                    <div
                                      class="visual__stickers"
                                      data-dimension-8="PROMO"
                                    >
                                      <div class="icon--sale">
                                        <span>Save</span>
                                      </div>
                                    </div>

                                    <picture class="defaultable-picture">
                                      <source
                                        media="(min-width: 730px)"
                                        srcset="
                                          https://product-images.metro.ca/images/h7d/h02/11133433413662.jpg,
                                          https://product-images.metro.ca/images/h4b/h84/11133434298398.jpg 2x
                                        "
                                      />
                                      <source
                                        media="(min-width: 115px)"
                                        srcset="
                                          https://product-images.metro.ca/images/h06/hce/11133433839646.jpg,
                                          https://product-images.metro.ca/images/h35/h94/11133433544734.jpg 2x
                                        "
                                      />

                                      <img
                                        onerror="replaceErrorImageByDefaultImage(this)"
                                        alt="Fontaine SantÃ© Traditional Hummus 260 g"
                                        src="./Deli &amp; Prepared Meals _ Metro_files/11133433839646.jpg"
                                        srcset="
                                          https://product-images.metro.ca/images/h06/hce/11133433839646.jpg,
                                          https://product-images.metro.ca/images/h35/h94/11133433544734.jpg 2x
                                        "
                                        data-default="/images/shared/placeholders/icon-no-picture.svg"
                                      />
                                    </picture>
                                  </a>
                                </div>

                                <div class="pt__content">
                                  <div class="pt__content--wrap">
                                    <div class="content__head">
                                      <span class="head__brand">
                                        Fontaine SantÃ©
                                      </span>

                                      <a
                                        href="https://www.metro.ca/en/online-grocery/aisles/deli-prepared-meals/antipasto-dips-pates/hummus-spreads/traditional-hummus/p/770333022009"
                                        tabindex="0"
                                        class="product-details-link"
                                      >
                                        <div
                                          class="head__title"
                                          id="itemTitle-770333022009"
                                        >
                                          Traditional Hummus
                                        </div>

                                        <span class="head__unit-details"
                                          >260 g</span
                                        >
                                      </a>

                                      <button
                                        type="button"
                                        class="cta-link show-variety btn--displayFlavours"
                                        other-flavours-target="/en/online-grocery/product/flavours/133623?sku=770333022009"
                                      >
                                        Other varieties
                                      </button>
                                    </div>

                                    <div class="error-summary hide">
                                      <ul>
                                        <li>
                                          <a
                                            href="https://www.metro.ca/en/online-grocery/aisles/deli-prepared-meals?sortOrder=popularity"
                                            class="product-make-choice-error focusOnMySelect hide"
                                            >Specify an option to add the
                                            product to your cart.</a
                                          >
                                        </li>
                                        <li>
                                          <a
                                            href="https://www.metro.ca/en/online-grocery/aisles/deli-prepared-meals?sortOrder=popularity"
                                            class="product-make-choice-cart-starter-error focusOnMySelect hide"
                                            >Specify an option to add the
                                            product to your favourites.</a
                                          >
                                        </li>
                                        <li>
                                          <a
                                            href="https://www.metro.ca/en/online-grocery/aisles/deli-prepared-meals?sortOrder=popularity"
                                            class="product-cart-starter-add-error focusOnMySelect hide"
                                            >An error occurred while adding the
                                            product to your favourites.</a
                                          >
                                        </li>
                                        <li>
                                          <a
                                            href="https://www.metro.ca/en/online-grocery/aisles/deli-prepared-meals?sortOrder=popularity"
                                            class="product-cart-starter-delete-error focusOnMySelect hide"
                                            >An error occurred while deleting
                                            the product.</a
                                          >
                                        </li>
                                        <li>
                                          <a
                                            href="https://www.metro.ca/en/online-grocery/aisles/deli-prepared-meals?sortOrder=popularity"
                                            class="product-cart-update-error focusOnMySelect hide"
                                            >An error occurred while updating
                                            the item in your cart.</a
                                          >
                                        </li>
                                        <li>
                                          <a
                                            href="https://www.metro.ca/en/online-grocery/aisles/deli-prepared-meals?sortOrder=popularity"
                                            class="product-cart-delete-error focusOnMySelect hide"
                                            >An error occurred while deleting
                                            the item in your cart.</a
                                          >
                                        </li>
                                        <li>
                                          <a
                                            href="https://www.metro.ca/en/online-grocery/aisles/deli-prepared-meals?sortOrder=popularity"
                                            class="product-cart-starter-update-error focusOnMySelect hide"
                                            >An error occurred while updating
                                            the product.</a
                                          >
                                        </li>
                                        <li>
                                          <a
                                            href="https://www.metro.ca/en/online-grocery/aisles/deli-prepared-meals?sortOrder=popularity"
                                            class="product-cart-starter-delete-error focusOnMySelect hide"
                                            >An error occurred while deleting
                                            the product.</a
                                          >
                                        </li>
                                        <li>
                                          <a
                                            href="https://www.metro.ca/en/online-grocery/aisles/deli-prepared-meals?sortOrder=popularity"
                                            class="product-age-restriction-cart-starter-error focusOnMySelect hide"
                                            >Please deselect this product.</a
                                          >
                                        </li>
                                      </ul>
                                    </div>

                                    <div class="content__pricing" tabindex="0">
                                      <div
                                        data-main-price="3.50"
                                        data-variant-price="1.75 ea"
                                      >
                                        <div
                                          class="pricing__sale-price promo-price"
                                        >
                                          <span class="price-update"
                                            >2&nbsp;/&nbsp;</span
                                          >
                                          <span class="price-update"
                                            >$7.00</span
                                          >
                                        </div>

                                        <div class="pricing__secondary-price">
                                          <span
                                            >or&nbsp;$4.79&nbsp;<abbr
                                              title="each"
                                              >ea.</abbr
                                            ></span
                                          >

                                          <span
                                            >$1.35 /100<abbr title="Gram"
                                              >g</abbr
                                            ></span
                                          >
                                        </div>
                                      </div>

                                      <div class="pricing__before-price">
                                        <span class="invisible-text"
                                          >Regular price</span
                                        >

                                        <span>$4.99</span>
                                        <span
                                          >&nbsp;<abbr title="Each"
                                            >ea.</abbr
                                          ></span
                                        >
                                      </div>

                                      <div class="pricing__until-date">
                                        <span>Valid until Feb 1, 2023</span>
                                      </div>
                                    </div>
                                  </div>

                                  <div class="pt__content--actions">
                                    <div class="actions__cart pt--actions">
                                      <button
                                        type="button"
                                        class="action__favorite addToCartStarter"
                                        onclick="findFlowCartStarter(this);"
                                        tabindex="0"
                                        aria-describedby="itemTitle-770333022009"
                                      >
                                        <svg
                                          xmlns="http://www.w3.org/2000/svg"
                                          width="24.001"
                                          height="24"
                                          viewBox="0 0 24.001 24"
                                        >
                                          <path
                                            d="M19.022,30.288a.734.734,0,0,1-.519-.215L9.66,21.258a8.8,8.8,0,0,1-2.485-4.267A6.723,6.723,0,0,1,13.709,8.75a7.931,7.931,0,0,1,5.284,2.164A7.921,7.921,0,0,1,24.268,8.75,6.744,6.744,0,0,1,30.826,17a8.769,8.769,0,0,1-2.479,4.256l-8.8,8.816a.733.733,0,0,1-.525.217"
                                            transform="translate(-7 -7.75)"
                                            fill="#d81e05"
                                          ></path>
                                        </svg>
                                        <span class="invisible-text"
                                          >Add to your favourites</span
                                        >
                                      </button>

                                      <div
                                        class="invisible-text"
                                        aria-labelledby="added-live--added"
                                        aria-hidden="true"
                                      >
                                        Product added to cart.
                                      </div>

                                      <button
                                        type="button"
                                        class="btn--minus minus-addToCart minus-updateCart action__remove-from-cart lastInCart"
                                        tabindex="-1"
                                        aria-describedby="itemTitle-770333022009"
                                      >
                                        <span class="invisible-text"
                                          >Decrease quantity unavailable</span
                                        >
                                        <svg
                                          xmlns="http://www.w3.org/2000/svg"
                                          width="14.433"
                                          height="16"
                                          viewBox="0 0 14.433 16"
                                        >
                                          <path
                                            class="cart-minus"
                                            d="M.489,5.524A.488.488,0,0,1,0,5.037V.487a.489.489,0,0,1,.978,0V5.037A.488.488,0,0,1,.489,5.524Z"
                                            transform="translate(11.699 3.091) rotate(90)"
                                            fill="#fff"
                                          ></path>
                                          <path
                                            class="cart-delete"
                                            d="M13670.893,14327.75a.5.5,0,0,1-.5-.468l-.923-12.084h-1.215a.505.505,0,0,1,0-1.011h1.641a.548.548,0,0,1,.08,0h2.247v-1.931a.5.5,0,0,1,.5-.507h4.466a.507.507,0,0,1,.5.507v1.931h2.209a.411.411,0,0,1,.069,0h1.709a.505.505,0,0,1,0,1.011h-1.276l-.835,12.08a.5.5,0,0,1-.5.472Zm.465-1.015h7.24l.8-11.537h-8.92Zm5.326-12.548v-1.426h-3.458v1.426Zm-.224,11.268a.5.5,0,0,1-.481-.529l.342-8.009a.5.5,0,1,1,1.007.043l-.344,8.012a.508.508,0,0,1-.5.483Zm-2.99,0a.507.507,0,0,1-.5-.483l-.341-8.012a.5.5,0,1,1,1-.043l.342,8.009a.505.505,0,0,1-.481.529Z"
                                            transform="translate(-13667.75 -14311.75)"
                                            fill="#fff"
                                          ></path>
                                        </svg>
                                      </button>

                                      <p
                                        class="pt__cart-amount"
                                        aria-live="polite"
                                        aria-atomic="true"
                                      >
                                        <span class="qty-addToCart">1</span>
                                      </p>

                                      <button
                                        type="button"
                                        class="btn--plus plus-addToCart plus-updateCart action__add-to-cart"
                                        tabindex="-1"
                                        aria-describedby="itemTitle-770333022009"
                                      >
                                        <span class="invisible-text"
                                          >Increase quantity</span
                                        >
                                        <svg
                                          class="cart-plus"
                                          xmlns="http://www.w3.org/2000/svg"
                                          width="32"
                                          height="32"
                                          viewBox="0 0 32 32"
                                        >
                                          <g transform="translate(7 8)">
                                            <path
                                              class="shop-cart"
                                              d="M1.2-.75A1.955,1.955,0,1,1-.75,1.205,1.955,1.955,0,0,1,1.2-.75Zm0,2.933a.978.978,0,1,0-.975-.978A.977.977,0,0,0,1.2,2.183Z"
                                              transform="translate(4.538 12.472)"
                                              fill="#fff"
                                            ></path>
                                            <path
                                              class="shop-cart"
                                              d="M1.2-.75A1.955,1.955,0,1,1-.75,1.205,1.955,1.955,0,0,1,1.2-.75Zm0,2.933a.978.978,0,1,0-.975-.978A.977.977,0,0,0,1.2,2.183Z"
                                              transform="translate(11.921 12.472)"
                                              fill="#fff"
                                            ></path>
                                            <path
                                              class="shop-cart"
                                              d="M13.565,14.786H4.576a2.029,2.029,0,0,1-.935-.314,2.09,2.09,0,0,1-.918-1.892v-8.7L.74,3.024a.489.489,0,0,1,.384-.9L3.4,3.105a.489.489,0,0,1,.3.449V12.58a1.189,1.189,0,0,0,.442,1.05,1.092,1.092,0,0,0,.477.178h8.95a.489.489,0,0,1,0,.978Z"
                                              transform="translate(-0.445 -2.086)"
                                              fill="#fff"
                                            ></path>
                                            <path
                                              class="shop-cart"
                                              d="M15.327,13.591H5.706a.486.486,0,0,1-.078-.006A2.023,2.023,0,0,1,3.95,11.533a.487.487,0,1,1,.975,0,1.014,1.014,0,0,0,.4.877,1.275,1.275,0,0,0,.431.2h9.569c.55,0,.811-.743.87-.939V7.049a.487.487,0,1,1,.975,0v4.691a.49.49,0,0,1-.013.114,3.063,3.063,0,0,1-.351.824A1.716,1.716,0,0,1,15.327,13.591Z"
                                              transform="translate(-1.672 -3.644)"
                                              fill="#fff"
                                            ></path>
                                            <g class="cart-plus-group">
                                              <path
                                                class="cart-plus"
                                                d="M-.263,4.79A.488.488,0,0,1-.75,4.3V-.261A.488.488,0,0,1-.263-.75a.488.488,0,0,1,.487.489V4.3A.488.488,0,0,1-.263,4.79Z"
                                                transform="translate(9.199 1.56)"
                                                fill="#fff"
                                              ></path>
                                              <path
                                                class="cart-plus"
                                                d="M.489,5.524A.488.488,0,0,1,0,5.037V.487a.489.489,0,0,1,.978,0V5.037A.488.488,0,0,1,.489,5.524Z"
                                                transform="translate(11.699 3.091) rotate(90)"
                                                fill="#fff"
                                              ></path>
                                            </g>
                                          </g>
                                        </svg>
                                      </button>

                                      <button
                                        class="debounce-250 button-tile-addToCart action__add-to-cart"
                                        data-errorbox="errorBox"
                                        onclick=""
                                        type="button"
                                        tabindex="0"
                                        data-target="/en/service-and-timeslot/service"
                                        aria-describedby="itemTitle-770333022009"
                                        aria-label="Add to the shopping cart"
                                      >
                                        <svg
                                          class="cart-plus"
                                          xmlns="http://www.w3.org/2000/svg"
                                          width="32"
                                          height="32"
                                          viewBox="0 0 32 32"
                                        >
                                          <g transform="translate(7 8)">
                                            <path
                                              class="shop-cart"
                                              d="M1.2-.75A1.955,1.955,0,1,1-.75,1.205,1.955,1.955,0,0,1,1.2-.75Zm0,2.933a.978.978,0,1,0-.975-.978A.977.977,0,0,0,1.2,2.183Z"
                                              transform="translate(4.538 12.472)"
                                              fill="#fff"
                                            ></path>
                                            <path
                                              class="shop-cart"
                                              d="M1.2-.75A1.955,1.955,0,1,1-.75,1.205,1.955,1.955,0,0,1,1.2-.75Zm0,2.933a.978.978,0,1,0-.975-.978A.977.977,0,0,0,1.2,2.183Z"
                                              transform="translate(11.921 12.472)"
                                              fill="#fff"
                                            ></path>
                                            <path
                                              class="shop-cart"
                                              d="M13.565,14.786H4.576a2.029,2.029,0,0,1-.935-.314,2.09,2.09,0,0,1-.918-1.892v-8.7L.74,3.024a.489.489,0,0,1,.384-.9L3.4,3.105a.489.489,0,0,1,.3.449V12.58a1.189,1.189,0,0,0,.442,1.05,1.092,1.092,0,0,0,.477.178h8.95a.489.489,0,0,1,0,.978Z"
                                              transform="translate(-0.445 -2.086)"
                                              fill="#fff"
                                            ></path>
                                            <path
                                              class="shop-cart"
                                              d="M15.327,13.591H5.706a.486.486,0,0,1-.078-.006A2.023,2.023,0,0,1,3.95,11.533a.487.487,0,1,1,.975,0,1.014,1.014,0,0,0,.4.877,1.275,1.275,0,0,0,.431.2h9.569c.55,0,.811-.743.87-.939V7.049a.487.487,0,1,1,.975,0v4.691a.49.49,0,0,1-.013.114,3.063,3.063,0,0,1-.351.824A1.716,1.716,0,0,1,15.327,13.591Z"
                                              transform="translate(-1.672 -3.644)"
                                              fill="#fff"
                                            ></path>
                                            <g class="cart-plus-group">
                                              <path
                                                class="cart-plus"
                                                d="M-.263,4.79A.488.488,0,0,1-.75,4.3V-.261A.488.488,0,0,1-.263-.75a.488.488,0,0,1,.487.489V4.3A.488.488,0,0,1-.263,4.79Z"
                                                transform="translate(9.199 1.56)"
                                                fill="#fff"
                                              ></path>
                                              <path
                                                class="cart-plus"
                                                d="M.489,5.524A.488.488,0,0,1,0,5.037V.487a.489.489,0,0,1,.978,0V5.037A.488.488,0,0,1,.489,5.524Z"
                                                transform="translate(11.699 3.091) rotate(90)"
                                                fill="#fff"
                                              ></path>
                                            </g>
                                          </g>
                                        </svg>
                                      </button>
                                    </div>
                                  </div>
                                </div>
                              </div>

                              <div
                                class="default-product-tile tile-product item-addToCart"
                                data-product-code="627907057380"
                                data-unit-increment="1"
                                data-min-qty="1"
                                data-max-qty="12"
                                data-product-deletable="true"
                                data-is-inactive="false"
                                data-product-name="Antipasto Misto"
                                data-product-category="Deli &amp; Prepared Meals"
                                data-product-category-id="000009"
                                data-product-brand="Marc Angelo"
                                data-category-url="/aisles/deli-prepared-meals/deli-meats/prosciutto-mortadella"
                                data-is="container-tabs"
                                data-substitution-permission="NO"
                                data-age-restriction="false"
                                data-product-alcohol="false"
                              >
                                <div class="pt__visual">
                                  <a
                                    href="https://www.metro.ca/en/online-grocery/aisles/deli-prepared-meals/deli-meats/prosciutto-mortadella/antipasto-misto/p/627907057380"
                                    tabindex="0"
                                    class="product-details-link"
                                  >
                                    <div
                                      class="tag-in-cart pt--image--incart hide"
                                    >
                                      <img
                                        src="./Deli &amp; Prepared Meals _ Metro_files/cart-check.svg"
                                      />
                                      <span class="invisible-text"
                                        >Product is in the cart</span
                                      >
                                    </div>

                                    <div
                                      class="visual__stickers"
                                      data-dimension-8="REG"
                                    ></div>

                                    <picture class="defaultable-picture">
                                      <source
                                        media="(min-width: 730px)"
                                        srcset="
                                          https://product-images.metro.ca/images/hb3/hde/9529877168158.jpg,
                                          https://product-images.metro.ca/images/h0c/h58/9529878085662.jpg 2x
                                        "
                                      />
                                      <source
                                        media="(min-width: 115px)"
                                        srcset="
                                          https://product-images.metro.ca/images/hbd/h10/9529877561374.jpg,
                                          https://product-images.metro.ca/images/hac/h4a/9529877299230.jpg 2x
                                        "
                                      />

                                      <img
                                        onerror="replaceErrorImageByDefaultImage(this)"
                                        alt="Marc Angelo Antipasto Misto 100Â g"
                                        src="./Deli &amp; Prepared Meals _ Metro_files/9529877561374.jpg"
                                        srcset="
                                          https://product-images.metro.ca/images/hbd/h10/9529877561374.jpg,
                                          https://product-images.metro.ca/images/hac/h4a/9529877299230.jpg 2x
                                        "
                                        data-default="/images/shared/placeholders/icon-no-picture.svg"
                                      />
                                    </picture>
                                  </a>
                                </div>

                                <div class="pt__content">
                                  <div class="pt__content--wrap">
                                    <div class="content__head">
                                      <span class="head__brand">
                                        Marc Angelo
                                      </span>

                                      <a
                                        href="https://www.metro.ca/en/online-grocery/aisles/deli-prepared-meals/deli-meats/prosciutto-mortadella/antipasto-misto/p/627907057380"
                                        tabindex="0"
                                        class="product-details-link"
                                      >
                                        <div
                                          class="head__title"
                                          id="itemTitle-627907057380"
                                        >
                                          Antipasto Misto
                                        </div>

                                        <span class="head__unit-details"
                                          >100&nbsp;g</span
                                        >
                                      </a>
                                    </div>

                                    <div class="error-summary hide">
                                      <ul>
                                        <li>
                                          <a
                                            href="https://www.metro.ca/en/online-grocery/aisles/deli-prepared-meals?sortOrder=popularity"
                                            class="product-make-choice-error focusOnMySelect hide"
                                            >Specify an option to add the
                                            product to your cart.</a
                                          >
                                        </li>
                                        <li>
                                          <a
                                            href="https://www.metro.ca/en/online-grocery/aisles/deli-prepared-meals?sortOrder=popularity"
                                            class="product-make-choice-cart-starter-error focusOnMySelect hide"
                                            >Specify an option to add the
                                            product to your favourites.</a
                                          >
                                        </li>
                                        <li>
                                          <a
                                            href="https://www.metro.ca/en/online-grocery/aisles/deli-prepared-meals?sortOrder=popularity"
                                            class="product-cart-starter-add-error focusOnMySelect hide"
                                            >An error occurred while adding the
                                            product to your favourites.</a
                                          >
                                        </li>
                                        <li>
                                          <a
                                            href="https://www.metro.ca/en/online-grocery/aisles/deli-prepared-meals?sortOrder=popularity"
                                            class="product-cart-starter-delete-error focusOnMySelect hide"
                                            >An error occurred while deleting
                                            the product.</a
                                          >
                                        </li>
                                        <li>
                                          <a
                                            href="https://www.metro.ca/en/online-grocery/aisles/deli-prepared-meals?sortOrder=popularity"
                                            class="product-cart-update-error focusOnMySelect hide"
                                            >An error occurred while updating
                                            the item in your cart.</a
                                          >
                                        </li>
                                        <li>
                                          <a
                                            href="https://www.metro.ca/en/online-grocery/aisles/deli-prepared-meals?sortOrder=popularity"
                                            class="product-cart-delete-error focusOnMySelect hide"
                                            >An error occurred while deleting
                                            the item in your cart.</a
                                          >
                                        </li>
                                        <li>
                                          <a
                                            href="https://www.metro.ca/en/online-grocery/aisles/deli-prepared-meals?sortOrder=popularity"
                                            class="product-cart-starter-update-error focusOnMySelect hide"
                                            >An error occurred while updating
                                            the product.</a
                                          >
                                        </li>
                                        <li>
                                          <a
                                            href="https://www.metro.ca/en/online-grocery/aisles/deli-prepared-meals?sortOrder=popularity"
                                            class="product-cart-starter-delete-error focusOnMySelect hide"
                                            >An error occurred while deleting
                                            the product.</a
                                          >
                                        </li>
                                        <li>
                                          <a
                                            href="https://www.metro.ca/en/online-grocery/aisles/deli-prepared-meals?sortOrder=popularity"
                                            class="product-age-restriction-cart-starter-error focusOnMySelect hide"
                                            >Please deselect this product.</a
                                          >
                                        </li>
                                      </ul>
                                    </div>

                                    <div class="content__pricing" tabindex="0">
                                      <div data-main-price="7.99">
                                        <div class="pricing__sale-price">
                                          <span class="price-update"
                                            >$7.99</span
                                          >
                                          <span>
                                            &nbsp;<abbr title="Each">ea.</abbr>
                                          </span>
                                        </div>
                                        <div class="pricing__unit-value"></div>

                                        <div class="pricing__secondary-price">
                                          <span
                                            >$7.99 /100<abbr title="Gram"
                                              >g</abbr
                                            ></span
                                          >
                                        </div>
                                      </div>
                                    </div>
                                  </div>

                                  <div class="pt__content--actions">
                                    <div class="actions__cart pt--actions">
                                      <button
                                        type="button"
                                        class="action__favorite addToCartStarter"
                                        onclick="findFlowCartStarter(this);"
                                        tabindex="0"
                                        aria-describedby="itemTitle-627907057380"
                                      >
                                        <svg
                                          xmlns="http://www.w3.org/2000/svg"
                                          width="24.001"
                                          height="24"
                                          viewBox="0 0 24.001 24"
                                        >
                                          <path
                                            d="M19.022,30.288a.734.734,0,0,1-.519-.215L9.66,21.258a8.8,8.8,0,0,1-2.485-4.267A6.723,6.723,0,0,1,13.709,8.75a7.931,7.931,0,0,1,5.284,2.164A7.921,7.921,0,0,1,24.268,8.75,6.744,6.744,0,0,1,30.826,17a8.769,8.769,0,0,1-2.479,4.256l-8.8,8.816a.733.733,0,0,1-.525.217"
                                            transform="translate(-7 -7.75)"
                                            fill="#d81e05"
                                          ></path>
                                        </svg>
                                        <span class="invisible-text"
                                          >Add to your favourites</span
                                        >
                                      </button>

                                      <div
                                        class="invisible-text"
                                        aria-labelledby="added-live--added"
                                        aria-hidden="true"
                                      >
                                        Product added to cart.
                                      </div>

                                      <button
                                        type="button"
                                        class="btn--minus minus-addToCart minus-updateCart action__remove-from-cart lastInCart"
                                        tabindex="-1"
                                        aria-describedby="itemTitle-627907057380"
                                      >
                                        <span class="invisible-text"
                                          >Decrease quantity unavailable</span
                                        >
                                        <svg
                                          xmlns="http://www.w3.org/2000/svg"
                                          width="14.433"
                                          height="16"
                                          viewBox="0 0 14.433 16"
                                        >
                                          <path
                                            class="cart-minus"
                                            d="M.489,5.524A.488.488,0,0,1,0,5.037V.487a.489.489,0,0,1,.978,0V5.037A.488.488,0,0,1,.489,5.524Z"
                                            transform="translate(11.699 3.091) rotate(90)"
                                            fill="#fff"
                                          ></path>
                                          <path
                                            class="cart-delete"
                                            d="M13670.893,14327.75a.5.5,0,0,1-.5-.468l-.923-12.084h-1.215a.505.505,0,0,1,0-1.011h1.641a.548.548,0,0,1,.08,0h2.247v-1.931a.5.5,0,0,1,.5-.507h4.466a.507.507,0,0,1,.5.507v1.931h2.209a.411.411,0,0,1,.069,0h1.709a.505.505,0,0,1,0,1.011h-1.276l-.835,12.08a.5.5,0,0,1-.5.472Zm.465-1.015h7.24l.8-11.537h-8.92Zm5.326-12.548v-1.426h-3.458v1.426Zm-.224,11.268a.5.5,0,0,1-.481-.529l.342-8.009a.5.5,0,1,1,1.007.043l-.344,8.012a.508.508,0,0,1-.5.483Zm-2.99,0a.507.507,0,0,1-.5-.483l-.341-8.012a.5.5,0,1,1,1-.043l.342,8.009a.505.505,0,0,1-.481.529Z"
                                            transform="translate(-13667.75 -14311.75)"
                                            fill="#fff"
                                          ></path>
                                        </svg>
                                      </button>

                                      <p
                                        class="pt__cart-amount"
                                        aria-live="polite"
                                        aria-atomic="true"
                                      >
                                        <span class="qty-addToCart">1</span>
                                      </p>

                                      <button
                                        type="button"
                                        class="btn--plus plus-addToCart plus-updateCart action__add-to-cart"
                                        tabindex="-1"
                                        aria-describedby="itemTitle-627907057380"
                                      >
                                        <span class="invisible-text"
                                          >Increase quantity</span
                                        >
                                        <svg
                                          class="cart-plus"
                                          xmlns="http://www.w3.org/2000/svg"
                                          width="32"
                                          height="32"
                                          viewBox="0 0 32 32"
                                        >
                                          <g transform="translate(7 8)">
                                            <path
                                              class="shop-cart"
                                              d="M1.2-.75A1.955,1.955,0,1,1-.75,1.205,1.955,1.955,0,0,1,1.2-.75Zm0,2.933a.978.978,0,1,0-.975-.978A.977.977,0,0,0,1.2,2.183Z"
                                              transform="translate(4.538 12.472)"
                                              fill="#fff"
                                            ></path>
                                            <path
                                              class="shop-cart"
                                              d="M1.2-.75A1.955,1.955,0,1,1-.75,1.205,1.955,1.955,0,0,1,1.2-.75Zm0,2.933a.978.978,0,1,0-.975-.978A.977.977,0,0,0,1.2,2.183Z"
                                              transform="translate(11.921 12.472)"
                                              fill="#fff"
                                            ></path>
                                            <path
                                              class="shop-cart"
                                              d="M13.565,14.786H4.576a2.029,2.029,0,0,1-.935-.314,2.09,2.09,0,0,1-.918-1.892v-8.7L.74,3.024a.489.489,0,0,1,.384-.9L3.4,3.105a.489.489,0,0,1,.3.449V12.58a1.189,1.189,0,0,0,.442,1.05,1.092,1.092,0,0,0,.477.178h8.95a.489.489,0,0,1,0,.978Z"
                                              transform="translate(-0.445 -2.086)"
                                              fill="#fff"
                                            ></path>
                                            <path
                                              class="shop-cart"
                                              d="M15.327,13.591H5.706a.486.486,0,0,1-.078-.006A2.023,2.023,0,0,1,3.95,11.533a.487.487,0,1,1,.975,0,1.014,1.014,0,0,0,.4.877,1.275,1.275,0,0,0,.431.2h9.569c.55,0,.811-.743.87-.939V7.049a.487.487,0,1,1,.975,0v4.691a.49.49,0,0,1-.013.114,3.063,3.063,0,0,1-.351.824A1.716,1.716,0,0,1,15.327,13.591Z"
                                              transform="translate(-1.672 -3.644)"
                                              fill="#fff"
                                            ></path>
                                            <g class="cart-plus-group">
                                              <path
                                                class="cart-plus"
                                                d="M-.263,4.79A.488.488,0,0,1-.75,4.3V-.261A.488.488,0,0,1-.263-.75a.488.488,0,0,1,.487.489V4.3A.488.488,0,0,1-.263,4.79Z"
                                                transform="translate(9.199 1.56)"
                                                fill="#fff"
                                              ></path>
                                              <path
                                                class="cart-plus"
                                                d="M.489,5.524A.488.488,0,0,1,0,5.037V.487a.489.489,0,0,1,.978,0V5.037A.488.488,0,0,1,.489,5.524Z"
                                                transform="translate(11.699 3.091) rotate(90)"
                                                fill="#fff"
                                              ></path>
                                            </g>
                                          </g>
                                        </svg>
                                      </button>

                                      <button
                                        class="debounce-250 button-tile-addToCart action__add-to-cart"
                                        data-errorbox="errorBox"
                                        onclick=""
                                        type="button"
                                        tabindex="0"
                                        data-target="/en/service-and-timeslot/service"
                                        aria-describedby="itemTitle-627907057380"
                                        aria-label="Add to the shopping cart"
                                      >
                                        <svg
                                          class="cart-plus"
                                          xmlns="http://www.w3.org/2000/svg"
                                          width="32"
                                          height="32"
                                          viewBox="0 0 32 32"
                                        >
                                          <g transform="translate(7 8)">
                                            <path
                                              class="shop-cart"
                                              d="M1.2-.75A1.955,1.955,0,1,1-.75,1.205,1.955,1.955,0,0,1,1.2-.75Zm0,2.933a.978.978,0,1,0-.975-.978A.977.977,0,0,0,1.2,2.183Z"
                                              transform="translate(4.538 12.472)"
                                              fill="#fff"
                                            ></path>
                                            <path
                                              class="shop-cart"
                                              d="M1.2-.75A1.955,1.955,0,1,1-.75,1.205,1.955,1.955,0,0,1,1.2-.75Zm0,2.933a.978.978,0,1,0-.975-.978A.977.977,0,0,0,1.2,2.183Z"
                                              transform="translate(11.921 12.472)"
                                              fill="#fff"
                                            ></path>
                                            <path
                                              class="shop-cart"
                                              d="M13.565,14.786H4.576a2.029,2.029,0,0,1-.935-.314,2.09,2.09,0,0,1-.918-1.892v-8.7L.74,3.024a.489.489,0,0,1,.384-.9L3.4,3.105a.489.489,0,0,1,.3.449V12.58a1.189,1.189,0,0,0,.442,1.05,1.092,1.092,0,0,0,.477.178h8.95a.489.489,0,0,1,0,.978Z"
                                              transform="translate(-0.445 -2.086)"
                                              fill="#fff"
                                            ></path>
                                            <path
                                              class="shop-cart"
                                              d="M15.327,13.591H5.706a.486.486,0,0,1-.078-.006A2.023,2.023,0,0,1,3.95,11.533a.487.487,0,1,1,.975,0,1.014,1.014,0,0,0,.4.877,1.275,1.275,0,0,0,.431.2h9.569c.55,0,.811-.743.87-.939V7.049a.487.487,0,1,1,.975,0v4.691a.49.49,0,0,1-.013.114,3.063,3.063,0,0,1-.351.824A1.716,1.716,0,0,1,15.327,13.591Z"
                                              transform="translate(-1.672 -3.644)"
                                              fill="#fff"
                                            ></path>
                                            <g class="cart-plus-group">
                                              <path
                                                class="cart-plus"
                                                d="M-.263,4.79A.488.488,0,0,1-.75,4.3V-.261A.488.488,0,0,1-.263-.75a.488.488,0,0,1,.487.489V4.3A.488.488,0,0,1-.263,4.79Z"
                                                transform="translate(9.199 1.56)"
                                                fill="#fff"
                                              ></path>
                                              <path
                                                class="cart-plus"
                                                d="M.489,5.524A.488.488,0,0,1,0,5.037V.487a.489.489,0,0,1,.978,0V5.037A.488.488,0,0,1,.489,5.524Z"
                                                transform="translate(11.699 3.091) rotate(90)"
                                                fill="#fff"
                                              ></path>
                                            </g>
                                          </g>
                                        </svg>
                                      </button>
                                    </div>
                                  </div>
                                </div>
                              </div>

                              <div
                                class="default-product-tile tile-product item-addToCart"
                                data-product-code="623338000032"
                                data-unit-increment="1"
                                data-min-qty="1"
                                data-max-qty="12"
                                data-product-deletable="true"
                                data-is-inactive="false"
                                data-product-name="Grand-MÃ¨re Cretons"
                                data-product-category="Deli &amp; Prepared Meals"
                                data-product-category-id="000009"
                                data-product-brand="Norel"
                                data-category-url="/aisles/deli-prepared-meals/antipasto-dips-pates/pate-cretons"
                                data-is="container-tabs"
                                data-substitution-permission="NO"
                                data-age-restriction="false"
                                data-product-alcohol="false"
                              >
                                <div class="pt__visual">
                                  <a
                                    href="https://www.metro.ca/en/online-grocery/aisles/deli-prepared-meals/antipasto-dips-pates/pate-cretons/grand-mere-cretons/p/623338000032"
                                    tabindex="0"
                                    class="product-details-link"
                                  >
                                    <div
                                      class="tag-in-cart pt--image--incart hide"
                                    >
                                      <img
                                        src="./Deli &amp; Prepared Meals _ Metro_files/cart-check.svg"
                                      />
                                      <span class="invisible-text"
                                        >Product is in the cart</span
                                      >
                                    </div>

                                    <div
                                      class="visual__stickers"
                                      data-dimension-8="REG"
                                    ></div>

                                    <picture class="defaultable-picture">
                                      <source
                                        media="(min-width: 730px)"
                                        srcset="
                                          https://product-images.metro.ca/images/h39/h54/10250170794014.jpg,
                                          https://product-images.metro.ca/images/hc2/hcc/10250171678750.jpg 2x
                                        "
                                      />
                                      <source
                                        media="(min-width: 115px)"
                                        srcset="
                                          https://product-images.metro.ca/images/hdb/h16/10250171219998.jpg,
                                          https://product-images.metro.ca/images/h55/hcd/10250170892318.jpg 2x
                                        "
                                      />

                                      <img
                                        onerror="replaceErrorImageByDefaultImage(this)"
                                        alt="Norel Grand-MÃ¨re Cretons 150 g"
                                        src="./Deli &amp; Prepared Meals _ Metro_files/10250171219998.jpg"
                                        srcset="
                                          https://product-images.metro.ca/images/hdb/h16/10250171219998.jpg,
                                          https://product-images.metro.ca/images/h55/hcd/10250170892318.jpg 2x
                                        "
                                        data-default="/images/shared/placeholders/icon-no-picture.svg"
                                      />
                                    </picture>
                                  </a>
                                </div>

                                <div class="pt__content">
                                  <div class="pt__content--wrap">
                                    <div class="content__head">
                                      <span class="head__brand"> Norel </span>

                                      <a
                                        href="https://www.metro.ca/en/online-grocery/aisles/deli-prepared-meals/antipasto-dips-pates/pate-cretons/grand-mere-cretons/p/623338000032"
                                        tabindex="0"
                                        class="product-details-link"
                                      >
                                        <div
                                          class="head__title"
                                          id="itemTitle-623338000032"
                                        >
                                          Grand-MÃ¨re Cretons
                                        </div>

                                        <span class="head__unit-details"
                                          >150 g</span
                                        >
                                      </a>
                                    </div>

                                    <div class="error-summary hide">
                                      <ul>
                                        <li>
                                          <a
                                            href="https://www.metro.ca/en/online-grocery/aisles/deli-prepared-meals?sortOrder=popularity"
                                            class="product-make-choice-error focusOnMySelect hide"
                                            >Specify an option to add the
                                            product to your cart.</a
                                          >
                                        </li>
                                        <li>
                                          <a
                                            href="https://www.metro.ca/en/online-grocery/aisles/deli-prepared-meals?sortOrder=popularity"
                                            class="product-make-choice-cart-starter-error focusOnMySelect hide"
                                            >Specify an option to add the
                                            product to your favourites.</a
                                          >
                                        </li>
                                        <li>
                                          <a
                                            href="https://www.metro.ca/en/online-grocery/aisles/deli-prepared-meals?sortOrder=popularity"
                                            class="product-cart-starter-add-error focusOnMySelect hide"
                                            >An error occurred while adding the
                                            product to your favourites.</a
                                          >
                                        </li>
                                        <li>
                                          <a
                                            href="https://www.metro.ca/en/online-grocery/aisles/deli-prepared-meals?sortOrder=popularity"
                                            class="product-cart-starter-delete-error focusOnMySelect hide"
                                            >An error occurred while deleting
                                            the product.</a
                                          >
                                        </li>
                                        <li>
                                          <a
                                            href="https://www.metro.ca/en/online-grocery/aisles/deli-prepared-meals?sortOrder=popularity"
                                            class="product-cart-update-error focusOnMySelect hide"
                                            >An error occurred while updating
                                            the item in your cart.</a
                                          >
                                        </li>
                                        <li>
                                          <a
                                            href="https://www.metro.ca/en/online-grocery/aisles/deli-prepared-meals?sortOrder=popularity"
                                            class="product-cart-delete-error focusOnMySelect hide"
                                            >An error occurred while deleting
                                            the item in your cart.</a
                                          >
                                        </li>
                                        <li>
                                          <a
                                            href="https://www.metro.ca/en/online-grocery/aisles/deli-prepared-meals?sortOrder=popularity"
                                            class="product-cart-starter-update-error focusOnMySelect hide"
                                            >An error occurred while updating
                                            the product.</a
                                          >
                                        </li>
                                        <li>
                                          <a
                                            href="https://www.metro.ca/en/online-grocery/aisles/deli-prepared-meals?sortOrder=popularity"
                                            class="product-cart-starter-delete-error focusOnMySelect hide"
                                            >An error occurred while deleting
                                            the product.</a
                                          >
                                        </li>
                                        <li>
                                          <a
                                            href="https://www.metro.ca/en/online-grocery/aisles/deli-prepared-meals?sortOrder=popularity"
                                            class="product-age-restriction-cart-starter-error focusOnMySelect hide"
                                            >Please deselect this product.</a
                                          >
                                        </li>
                                      </ul>
                                    </div>

                                    <div class="content__pricing" tabindex="0">
                                      <div data-main-price="4.49">
                                        <div class="pricing__sale-price">
                                          <span class="price-update"
                                            >$4.49</span
                                          >
                                          <span>
                                            &nbsp;<abbr title="Each">ea.</abbr>
                                          </span>
                                        </div>
                                        <div class="pricing__unit-value"></div>

                                        <div class="pricing__secondary-price">
                                          <span
                                            >$2.99 /100<abbr title="Gram"
                                              >g</abbr
                                            ></span
                                          >
                                        </div>
                                      </div>
                                    </div>
                                  </div>

                                  <div class="pt__content--actions">
                                    <div class="actions__cart pt--actions">
                                      <button
                                        type="button"
                                        class="action__favorite addToCartStarter"
                                        onclick="findFlowCartStarter(this);"
                                        tabindex="0"
                                        aria-describedby="itemTitle-623338000032"
                                      >
                                        <svg
                                          xmlns="http://www.w3.org/2000/svg"
                                          width="24.001"
                                          height="24"
                                          viewBox="0 0 24.001 24"
                                        >
                                          <path
                                            d="M19.022,30.288a.734.734,0,0,1-.519-.215L9.66,21.258a8.8,8.8,0,0,1-2.485-4.267A6.723,6.723,0,0,1,13.709,8.75a7.931,7.931,0,0,1,5.284,2.164A7.921,7.921,0,0,1,24.268,8.75,6.744,6.744,0,0,1,30.826,17a8.769,8.769,0,0,1-2.479,4.256l-8.8,8.816a.733.733,0,0,1-.525.217"
                                            transform="translate(-7 -7.75)"
                                            fill="#d81e05"
                                          ></path>
                                        </svg>
                                        <span class="invisible-text"
                                          >Add to your favourites</span
                                        >
                                      </button>

                                      <div
                                        class="invisible-text"
                                        aria-labelledby="added-live--added"
                                        aria-hidden="true"
                                      >
                                        Product added to cart.
                                      </div>

                                      <button
                                        type="button"
                                        class="btn--minus minus-addToCart minus-updateCart action__remove-from-cart lastInCart"
                                        tabindex="-1"
                                        aria-describedby="itemTitle-623338000032"
                                      >
                                        <span class="invisible-text"
                                          >Decrease quantity unavailable</span
                                        >
                                        <svg
                                          xmlns="http://www.w3.org/2000/svg"
                                          width="14.433"
                                          height="16"
                                          viewBox="0 0 14.433 16"
                                        >
                                          <path
                                            class="cart-minus"
                                            d="M.489,5.524A.488.488,0,0,1,0,5.037V.487a.489.489,0,0,1,.978,0V5.037A.488.488,0,0,1,.489,5.524Z"
                                            transform="translate(11.699 3.091) rotate(90)"
                                            fill="#fff"
                                          ></path>
                                          <path
                                            class="cart-delete"
                                            d="M13670.893,14327.75a.5.5,0,0,1-.5-.468l-.923-12.084h-1.215a.505.505,0,0,1,0-1.011h1.641a.548.548,0,0,1,.08,0h2.247v-1.931a.5.5,0,0,1,.5-.507h4.466a.507.507,0,0,1,.5.507v1.931h2.209a.411.411,0,0,1,.069,0h1.709a.505.505,0,0,1,0,1.011h-1.276l-.835,12.08a.5.5,0,0,1-.5.472Zm.465-1.015h7.24l.8-11.537h-8.92Zm5.326-12.548v-1.426h-3.458v1.426Zm-.224,11.268a.5.5,0,0,1-.481-.529l.342-8.009a.5.5,0,1,1,1.007.043l-.344,8.012a.508.508,0,0,1-.5.483Zm-2.99,0a.507.507,0,0,1-.5-.483l-.341-8.012a.5.5,0,1,1,1-.043l.342,8.009a.505.505,0,0,1-.481.529Z"
                                            transform="translate(-13667.75 -14311.75)"
                                            fill="#fff"
                                          ></path>
                                        </svg>
                                      </button>

                                      <p
                                        class="pt__cart-amount"
                                        aria-live="polite"
                                        aria-atomic="true"
                                      >
                                        <span class="qty-addToCart">1</span>
                                      </p>

                                      <button
                                        type="button"
                                        class="btn--plus plus-addToCart plus-updateCart action__add-to-cart"
                                        tabindex="-1"
                                        aria-describedby="itemTitle-623338000032"
                                      >
                                        <span class="invisible-text"
                                          >Increase quantity</span
                                        >
                                        <svg
                                          class="cart-plus"
                                          xmlns="http://www.w3.org/2000/svg"
                                          width="32"
                                          height="32"
                                          viewBox="0 0 32 32"
                                        >
                                          <g transform="translate(7 8)">
                                            <path
                                              class="shop-cart"
                                              d="M1.2-.75A1.955,1.955,0,1,1-.75,1.205,1.955,1.955,0,0,1,1.2-.75Zm0,2.933a.978.978,0,1,0-.975-.978A.977.977,0,0,0,1.2,2.183Z"
                                              transform="translate(4.538 12.472)"
                                              fill="#fff"
                                            ></path>
                                            <path
                                              class="shop-cart"
                                              d="M1.2-.75A1.955,1.955,0,1,1-.75,1.205,1.955,1.955,0,0,1,1.2-.75Zm0,2.933a.978.978,0,1,0-.975-.978A.977.977,0,0,0,1.2,2.183Z"
                                              transform="translate(11.921 12.472)"
                                              fill="#fff"
                                            ></path>
                                            <path
                                              class="shop-cart"
                                              d="M13.565,14.786H4.576a2.029,2.029,0,0,1-.935-.314,2.09,2.09,0,0,1-.918-1.892v-8.7L.74,3.024a.489.489,0,0,1,.384-.9L3.4,3.105a.489.489,0,0,1,.3.449V12.58a1.189,1.189,0,0,0,.442,1.05,1.092,1.092,0,0,0,.477.178h8.95a.489.489,0,0,1,0,.978Z"
                                              transform="translate(-0.445 -2.086)"
                                              fill="#fff"
                                            ></path>
                                            <path
                                              class="shop-cart"
                                              d="M15.327,13.591H5.706a.486.486,0,0,1-.078-.006A2.023,2.023,0,0,1,3.95,11.533a.487.487,0,1,1,.975,0,1.014,1.014,0,0,0,.4.877,1.275,1.275,0,0,0,.431.2h9.569c.55,0,.811-.743.87-.939V7.049a.487.487,0,1,1,.975,0v4.691a.49.49,0,0,1-.013.114,3.063,3.063,0,0,1-.351.824A1.716,1.716,0,0,1,15.327,13.591Z"
                                              transform="translate(-1.672 -3.644)"
                                              fill="#fff"
                                            ></path>
                                            <g class="cart-plus-group">
                                              <path
                                                class="cart-plus"
                                                d="M-.263,4.79A.488.488,0,0,1-.75,4.3V-.261A.488.488,0,0,1-.263-.75a.488.488,0,0,1,.487.489V4.3A.488.488,0,0,1-.263,4.79Z"
                                                transform="translate(9.199 1.56)"
                                                fill="#fff"
                                              ></path>
                                              <path
                                                class="cart-plus"
                                                d="M.489,5.524A.488.488,0,0,1,0,5.037V.487a.489.489,0,0,1,.978,0V5.037A.488.488,0,0,1,.489,5.524Z"
                                                transform="translate(11.699 3.091) rotate(90)"
                                                fill="#fff"
                                              ></path>
                                            </g>
                                          </g>
                                        </svg>
                                      </button>

                                      <button
                                        class="debounce-250 button-tile-addToCart action__add-to-cart"
                                        data-errorbox="errorBox"
                                        onclick=""
                                        type="button"
                                        tabindex="0"
                                        data-target="/en/service-and-timeslot/service"
                                        aria-describedby="itemTitle-623338000032"
                                        aria-label="Add to the shopping cart"
                                      >
                                        <svg
                                          class="cart-plus"
                                          xmlns="http://www.w3.org/2000/svg"
                                          width="32"
                                          height="32"
                                          viewBox="0 0 32 32"
                                        >
                                          <g transform="translate(7 8)">
                                            <path
                                              class="shop-cart"
                                              d="M1.2-.75A1.955,1.955,0,1,1-.75,1.205,1.955,1.955,0,0,1,1.2-.75Zm0,2.933a.978.978,0,1,0-.975-.978A.977.977,0,0,0,1.2,2.183Z"
                                              transform="translate(4.538 12.472)"
                                              fill="#fff"
                                            ></path>
                                            <path
                                              class="shop-cart"
                                              d="M1.2-.75A1.955,1.955,0,1,1-.75,1.205,1.955,1.955,0,0,1,1.2-.75Zm0,2.933a.978.978,0,1,0-.975-.978A.977.977,0,0,0,1.2,2.183Z"
                                              transform="translate(11.921 12.472)"
                                              fill="#fff"
                                            ></path>
                                            <path
                                              class="shop-cart"
                                              d="M13.565,14.786H4.576a2.029,2.029,0,0,1-.935-.314,2.09,2.09,0,0,1-.918-1.892v-8.7L.74,3.024a.489.489,0,0,1,.384-.9L3.4,3.105a.489.489,0,0,1,.3.449V12.58a1.189,1.189,0,0,0,.442,1.05,1.092,1.092,0,0,0,.477.178h8.95a.489.489,0,0,1,0,.978Z"
                                              transform="translate(-0.445 -2.086)"
                                              fill="#fff"
                                            ></path>
                                            <path
                                              class="shop-cart"
                                              d="M15.327,13.591H5.706a.486.486,0,0,1-.078-.006A2.023,2.023,0,0,1,3.95,11.533a.487.487,0,1,1,.975,0,1.014,1.014,0,0,0,.4.877,1.275,1.275,0,0,0,.431.2h9.569c.55,0,.811-.743.87-.939V7.049a.487.487,0,1,1,.975,0v4.691a.49.49,0,0,1-.013.114,3.063,3.063,0,0,1-.351.824A1.716,1.716,0,0,1,15.327,13.591Z"
                                              transform="translate(-1.672 -3.644)"
                                              fill="#fff"
                                            ></path>
                                            <g class="cart-plus-group">
                                              <path
                                                class="cart-plus"
                                                d="M-.263,4.79A.488.488,0,0,1-.75,4.3V-.261A.488.488,0,0,1-.263-.75a.488.488,0,0,1,.487.489V4.3A.488.488,0,0,1-.263,4.79Z"
                                                transform="translate(9.199 1.56)"
                                                fill="#fff"
                                              ></path>
                                              <path
                                                class="cart-plus"
                                                d="M.489,5.524A.488.488,0,0,1,0,5.037V.487a.489.489,0,0,1,.978,0V5.037A.488.488,0,0,1,.489,5.524Z"
                                                transform="translate(11.699 3.091) rotate(90)"
                                                fill="#fff"
                                              ></path>
                                            </g>
                                          </g>
                                        </svg>
                                      </button>
                                    </div>
                                  </div>
                                </div>
                              </div>

                              <div
                                class="default-product-tile tile-product item-addToCart tile-product--effective-date"
                                data-product-code="223069"
                                data-unit-increment="1"
                                data-min-qty="1"
                                data-max-qty="12"
                                data-product-deletable="true"
                                data-is-inactive="false"
                                data-product-name="Assorted Sandwich Value Pack"
                                data-product-category="Deli &amp; Prepared Meals"
                                data-product-category-id="000009"
                                data-product-brand="Fresh 2 Go"
                                data-category-url="/aisles/deli-prepared-meals/ready-meals-sides/sandwiches-lunch-kits"
                                data-is="container-tabs"
                                data-substitution-permission="NO"
                                data-age-restriction="false"
                                data-product-alcohol="false"
                              >
                                <div class="pt__visual">
                                  <a
                                    href="https://www.metro.ca/en/online-grocery/aisles/deli-prepared-meals/ready-meals-sides/sandwiches-lunch-kits/assorted-sandwich-value-pack/p/223069"
                                    tabindex="0"
                                    class="product-details-link"
                                  >
                                    <div
                                      class="tag-in-cart pt--image--incart hide"
                                    >
                                      <img
                                        src="./Deli &amp; Prepared Meals _ Metro_files/cart-check.svg"
                                      />
                                      <span class="invisible-text"
                                        >Product is in the cart</span
                                      >
                                    </div>

                                    <div
                                      class="visual__stickers"
                                      data-dimension-8="PROMO"
                                    >
                                      <div class="icon--sale">
                                        <span>Save</span>
                                      </div>
                                    </div>

                                    <picture class="defaultable-picture">
                                      <source
                                        media="(min-width: 730px)"
                                        srcset="
                                          https://product-images.metro.ca/images/h0f/h7c/10710642425886.jpg,
                                          https://product-images.metro.ca/images/h6b/hb5/10710643179550.jpg 2x
                                        "
                                      />
                                      <source
                                        media="(min-width: 115px)"
                                        srcset="
                                          https://product-images.metro.ca/images/h79/h2c/10710642753566.jpg,
                                          https://product-images.metro.ca/images/h88/ha4/10710642491422.jpg 2x
                                        "
                                      />

                                      <img
                                        onerror="replaceErrorImageByDefaultImage(this)"
                                        alt="Fresh 2 Go Assorted Sandwich Value Pack "
                                        src="./Deli &amp; Prepared Meals _ Metro_files/10710642753566.jpg"
                                        srcset="
                                          https://product-images.metro.ca/images/h79/h2c/10710642753566.jpg,
                                          https://product-images.metro.ca/images/h88/ha4/10710642491422.jpg 2x
                                        "
                                        data-default="/images/shared/placeholders/icon-no-picture.svg"
                                      />
                                    </picture>
                                  </a>
                                </div>

                                <div class="pt__content">
                                  <div class="pt__content--wrap">
                                    <div class="content__head">
                                      <span class="head__brand">
                                        Fresh 2 Go
                                      </span>

                                      <a
                                        href="https://www.metro.ca/en/online-grocery/aisles/deli-prepared-meals/ready-meals-sides/sandwiches-lunch-kits/assorted-sandwich-value-pack/p/223069"
                                        tabindex="0"
                                        class="product-details-link"
                                      >
                                        <div
                                          class="head__title"
                                          id="itemTitle-223069"
                                        >
                                          Assorted Sandwich Value Pack
                                        </div>
                                      </a>

                                      <button
                                        type="button"
                                        class="cta-link show-variety btn--displayFlavours"
                                        other-flavours-target="/en/online-grocery/product/flavours/249538?sku=223069"
                                      >
                                        Other varieties
                                      </button>
                                    </div>

                                    <div class="error-summary hide">
                                      <ul>
                                        <li>
                                          <a
                                            href="https://www.metro.ca/en/online-grocery/aisles/deli-prepared-meals?sortOrder=popularity"
                                            class="product-make-choice-error focusOnMySelect hide"
                                            >Specify an option to add the
                                            product to your cart.</a
                                          >
                                        </li>
                                        <li>
                                          <a
                                            href="https://www.metro.ca/en/online-grocery/aisles/deli-prepared-meals?sortOrder=popularity"
                                            class="product-make-choice-cart-starter-error focusOnMySelect hide"
                                            >Specify an option to add the
                                            product to your favourites.</a
                                          >
                                        </li>
                                        <li>
                                          <a
                                            href="https://www.metro.ca/en/online-grocery/aisles/deli-prepared-meals?sortOrder=popularity"
                                            class="product-cart-starter-add-error focusOnMySelect hide"
                                            >An error occurred while adding the
                                            product to your favourites.</a
                                          >
                                        </li>
                                        <li>
                                          <a
                                            href="https://www.metro.ca/en/online-grocery/aisles/deli-prepared-meals?sortOrder=popularity"
                                            class="product-cart-starter-delete-error focusOnMySelect hide"
                                            >An error occurred while deleting
                                            the product.</a
                                          >
                                        </li>
                                        <li>
                                          <a
                                            href="https://www.metro.ca/en/online-grocery/aisles/deli-prepared-meals?sortOrder=popularity"
                                            class="product-cart-update-error focusOnMySelect hide"
                                            >An error occurred while updating
                                            the item in your cart.</a
                                          >
                                        </li>
                                        <li>
                                          <a
                                            href="https://www.metro.ca/en/online-grocery/aisles/deli-prepared-meals?sortOrder=popularity"
                                            class="product-cart-delete-error focusOnMySelect hide"
                                            >An error occurred while deleting
                                            the item in your cart.</a
                                          >
                                        </li>
                                        <li>
                                          <a
                                            href="https://www.metro.ca/en/online-grocery/aisles/deli-prepared-meals?sortOrder=popularity"
                                            class="product-cart-starter-update-error focusOnMySelect hide"
                                            >An error occurred while updating
                                            the product.</a
                                          >
                                        </li>
                                        <li>
                                          <a
                                            href="https://www.metro.ca/en/online-grocery/aisles/deli-prepared-meals?sortOrder=popularity"
                                            class="product-cart-starter-delete-error focusOnMySelect hide"
                                            >An error occurred while deleting
                                            the product.</a
                                          >
                                        </li>
                                        <li>
                                          <a
                                            href="https://www.metro.ca/en/online-grocery/aisles/deli-prepared-meals?sortOrder=popularity"
                                            class="product-age-restriction-cart-starter-error focusOnMySelect hide"
                                            >Please deselect this product.</a
                                          >
                                        </li>
                                      </ul>
                                    </div>

                                    <div class="content__pricing" tabindex="0">
                                      <div data-main-price="10.99">
                                        <div
                                          class="pricing__sale-price promo-price"
                                        >
                                          <span
                                            class="price-update pi-price-promo"
                                            >$10.99</span
                                          >
                                          <span>
                                            &nbsp;<abbr title="Each">ea.</abbr>
                                          </span>
                                        </div>
                                        <div class="pricing__unit-value"></div>

                                        <div class="pricing__secondary-price">
                                          <span
                                            >$2.00 /100<abbr title="Gram"
                                              >g</abbr
                                            ></span
                                          >
                                        </div>
                                      </div>

                                      <div class="pricing__before-price">
                                        <span class="invisible-text"
                                          >Regular price</span
                                        >

                                        <span>$11.99</span>
                                        <span
                                          >&nbsp;<abbr title="Each"
                                            >ea.</abbr
                                          ></span
                                        >
                                      </div>

                                      <div class="pricing__until-date">
                                        <span>Valid until Jan 29, 2023</span>
                                      </div>
                                    </div>
                                  </div>

                                  <div class="pt__content--actions">
                                    <div class="actions__cart pt--actions">
                                      <button
                                        type="button"
                                        class="action__favorite addToCartStarter"
                                        onclick="findFlowCartStarter(this);"
                                        tabindex="0"
                                        aria-describedby="itemTitle-223069"
                                      >
                                        <svg
                                          xmlns="http://www.w3.org/2000/svg"
                                          width="24.001"
                                          height="24"
                                          viewBox="0 0 24.001 24"
                                        >
                                          <path
                                            d="M19.022,30.288a.734.734,0,0,1-.519-.215L9.66,21.258a8.8,8.8,0,0,1-2.485-4.267A6.723,6.723,0,0,1,13.709,8.75a7.931,7.931,0,0,1,5.284,2.164A7.921,7.921,0,0,1,24.268,8.75,6.744,6.744,0,0,1,30.826,17a8.769,8.769,0,0,1-2.479,4.256l-8.8,8.816a.733.733,0,0,1-.525.217"
                                            transform="translate(-7 -7.75)"
                                            fill="#d81e05"
                                          ></path>
                                        </svg>
                                        <span class="invisible-text"
                                          >Add to your favourites</span
                                        >
                                      </button>

                                      <div
                                        class="invisible-text"
                                        aria-labelledby="added-live--added"
                                        aria-hidden="true"
                                      >
                                        Product added to cart.
                                      </div>

                                      <button
                                        type="button"
                                        class="btn--minus minus-addToCart minus-updateCart action__remove-from-cart lastInCart"
                                        tabindex="-1"
                                        aria-describedby="itemTitle-223069"
                                      >
                                        <span class="invisible-text"
                                          >Decrease quantity unavailable</span
                                        >
                                        <svg
                                          xmlns="http://www.w3.org/2000/svg"
                                          width="14.433"
                                          height="16"
                                          viewBox="0 0 14.433 16"
                                        >
                                          <path
                                            class="cart-minus"
                                            d="M.489,5.524A.488.488,0,0,1,0,5.037V.487a.489.489,0,0,1,.978,0V5.037A.488.488,0,0,1,.489,5.524Z"
                                            transform="translate(11.699 3.091) rotate(90)"
                                            fill="#fff"
                                          ></path>
                                          <path
                                            class="cart-delete"
                                            d="M13670.893,14327.75a.5.5,0,0,1-.5-.468l-.923-12.084h-1.215a.505.505,0,0,1,0-1.011h1.641a.548.548,0,0,1,.08,0h2.247v-1.931a.5.5,0,0,1,.5-.507h4.466a.507.507,0,0,1,.5.507v1.931h2.209a.411.411,0,0,1,.069,0h1.709a.505.505,0,0,1,0,1.011h-1.276l-.835,12.08a.5.5,0,0,1-.5.472Zm.465-1.015h7.24l.8-11.537h-8.92Zm5.326-12.548v-1.426h-3.458v1.426Zm-.224,11.268a.5.5,0,0,1-.481-.529l.342-8.009a.5.5,0,1,1,1.007.043l-.344,8.012a.508.508,0,0,1-.5.483Zm-2.99,0a.507.507,0,0,1-.5-.483l-.341-8.012a.5.5,0,1,1,1-.043l.342,8.009a.505.505,0,0,1-.481.529Z"
                                            transform="translate(-13667.75 -14311.75)"
                                            fill="#fff"
                                          ></path>
                                        </svg>
                                      </button>

                                      <p
                                        class="pt__cart-amount"
                                        aria-live="polite"
                                        aria-atomic="true"
                                      >
                                        <span class="qty-addToCart">1</span>
                                      </p>

                                      <button
                                        type="button"
                                        class="btn--plus plus-addToCart plus-updateCart action__add-to-cart"
                                        tabindex="-1"
                                        aria-describedby="itemTitle-223069"
                                      >
                                        <span class="invisible-text"
                                          >Increase quantity</span
                                        >
                                        <svg
                                          class="cart-plus"
                                          xmlns="http://www.w3.org/2000/svg"
                                          width="32"
                                          height="32"
                                          viewBox="0 0 32 32"
                                        >
                                          <g transform="translate(7 8)">
                                            <path
                                              class="shop-cart"
                                              d="M1.2-.75A1.955,1.955,0,1,1-.75,1.205,1.955,1.955,0,0,1,1.2-.75Zm0,2.933a.978.978,0,1,0-.975-.978A.977.977,0,0,0,1.2,2.183Z"
                                              transform="translate(4.538 12.472)"
                                              fill="#fff"
                                            ></path>
                                            <path
                                              class="shop-cart"
                                              d="M1.2-.75A1.955,1.955,0,1,1-.75,1.205,1.955,1.955,0,0,1,1.2-.75Zm0,2.933a.978.978,0,1,0-.975-.978A.977.977,0,0,0,1.2,2.183Z"
                                              transform="translate(11.921 12.472)"
                                              fill="#fff"
                                            ></path>
                                            <path
                                              class="shop-cart"
                                              d="M13.565,14.786H4.576a2.029,2.029,0,0,1-.935-.314,2.09,2.09,0,0,1-.918-1.892v-8.7L.74,3.024a.489.489,0,0,1,.384-.9L3.4,3.105a.489.489,0,0,1,.3.449V12.58a1.189,1.189,0,0,0,.442,1.05,1.092,1.092,0,0,0,.477.178h8.95a.489.489,0,0,1,0,.978Z"
                                              transform="translate(-0.445 -2.086)"
                                              fill="#fff"
                                            ></path>
                                            <path
                                              class="shop-cart"
                                              d="M15.327,13.591H5.706a.486.486,0,0,1-.078-.006A2.023,2.023,0,0,1,3.95,11.533a.487.487,0,1,1,.975,0,1.014,1.014,0,0,0,.4.877,1.275,1.275,0,0,0,.431.2h9.569c.55,0,.811-.743.87-.939V7.049a.487.487,0,1,1,.975,0v4.691a.49.49,0,0,1-.013.114,3.063,3.063,0,0,1-.351.824A1.716,1.716,0,0,1,15.327,13.591Z"
                                              transform="translate(-1.672 -3.644)"
                                              fill="#fff"
                                            ></path>
                                            <g class="cart-plus-group">
                                              <path
                                                class="cart-plus"
                                                d="M-.263,4.79A.488.488,0,0,1-.75,4.3V-.261A.488.488,0,0,1-.263-.75a.488.488,0,0,1,.487.489V4.3A.488.488,0,0,1-.263,4.79Z"
                                                transform="translate(9.199 1.56)"
                                                fill="#fff"
                                              ></path>
                                              <path
                                                class="cart-plus"
                                                d="M.489,5.524A.488.488,0,0,1,0,5.037V.487a.489.489,0,0,1,.978,0V5.037A.488.488,0,0,1,.489,5.524Z"
                                                transform="translate(11.699 3.091) rotate(90)"
                                                fill="#fff"
                                              ></path>
                                            </g>
                                          </g>
                                        </svg>
                                      </button>

                                      <button
                                        class="debounce-250 button-tile-addToCart action__add-to-cart"
                                        data-errorbox="errorBox"
                                        onclick=""
                                        type="button"
                                        tabindex="0"
                                        data-target="/en/service-and-timeslot/service"
                                        aria-describedby="itemTitle-223069"
                                        aria-label="Add to the shopping cart"
                                      >
                                        <svg
                                          class="cart-plus"
                                          xmlns="http://www.w3.org/2000/svg"
                                          width="32"
                                          height="32"
                                          viewBox="0 0 32 32"
                                        >
                                          <g transform="translate(7 8)">
                                            <path
                                              class="shop-cart"
                                              d="M1.2-.75A1.955,1.955,0,1,1-.75,1.205,1.955,1.955,0,0,1,1.2-.75Zm0,2.933a.978.978,0,1,0-.975-.978A.977.977,0,0,0,1.2,2.183Z"
                                              transform="translate(4.538 12.472)"
                                              fill="#fff"
                                            ></path>
                                            <path
                                              class="shop-cart"
                                              d="M1.2-.75A1.955,1.955,0,1,1-.75,1.205,1.955,1.955,0,0,1,1.2-.75Zm0,2.933a.978.978,0,1,0-.975-.978A.977.977,0,0,0,1.2,2.183Z"
                                              transform="translate(11.921 12.472)"
                                              fill="#fff"
                                            ></path>
                                            <path
                                              class="shop-cart"
                                              d="M13.565,14.786H4.576a2.029,2.029,0,0,1-.935-.314,2.09,2.09,0,0,1-.918-1.892v-8.7L.74,3.024a.489.489,0,0,1,.384-.9L3.4,3.105a.489.489,0,0,1,.3.449V12.58a1.189,1.189,0,0,0,.442,1.05,1.092,1.092,0,0,0,.477.178h8.95a.489.489,0,0,1,0,.978Z"
                                              transform="translate(-0.445 -2.086)"
                                              fill="#fff"
                                            ></path>
                                            <path
                                              class="shop-cart"
                                              d="M15.327,13.591H5.706a.486.486,0,0,1-.078-.006A2.023,2.023,0,0,1,3.95,11.533a.487.487,0,1,1,.975,0,1.014,1.014,0,0,0,.4.877,1.275,1.275,0,0,0,.431.2h9.569c.55,0,.811-.743.87-.939V7.049a.487.487,0,1,1,.975,0v4.691a.49.49,0,0,1-.013.114,3.063,3.063,0,0,1-.351.824A1.716,1.716,0,0,1,15.327,13.591Z"
                                              transform="translate(-1.672 -3.644)"
                                              fill="#fff"
                                            ></path>
                                            <g class="cart-plus-group">
                                              <path
                                                class="cart-plus"
                                                d="M-.263,4.79A.488.488,0,0,1-.75,4.3V-.261A.488.488,0,0,1-.263-.75a.488.488,0,0,1,.487.489V4.3A.488.488,0,0,1-.263,4.79Z"
                                                transform="translate(9.199 1.56)"
                                                fill="#fff"
                                              ></path>
                                              <path
                                                class="cart-plus"
                                                d="M.489,5.524A.488.488,0,0,1,0,5.037V.487a.489.489,0,0,1,.978,0V5.037A.488.488,0,0,1,.489,5.524Z"
                                                transform="translate(11.699 3.091) rotate(90)"
                                                fill="#fff"
                                              ></path>
                                            </g>
                                          </g>
                                        </svg>
                                      </button>
                                    </div>
                                  </div>
                                </div>
                              </div>

                              <div
                                class="default-product-tile tile-product item-addToCart tile-product--effective-date"
                                data-product-code="063100108731"
                                data-unit-increment="1"
                                data-min-qty="1"
                                data-max-qty="12"
                                data-product-deletable="true"
                                data-is-inactive="false"
                                data-product-name="Oven Roasted Turkey Breast"
                                data-product-category="Deli &amp; Prepared Meals"
                                data-product-category-id="000009"
                                data-product-brand="Maple Leaf"
                                data-category-url="/aisles/deli-prepared-meals/deli-meats/turkey-chicken"
                                data-is="container-tabs"
                                data-substitution-permission="NO"
                                data-age-restriction="false"
                                data-product-alcohol="false"
                              >
                                <div class="pt__visual">
                                  <a
                                    href="https://www.metro.ca/en/online-grocery/aisles/deli-prepared-meals/deli-meats/turkey-chicken/oven-roasted-turkey-breast/p/063100108731"
                                    tabindex="0"
                                    class="product-details-link"
                                  >
                                    <div
                                      class="tag-in-cart pt--image--incart hide"
                                    >
                                      <img
                                        src="./Deli &amp; Prepared Meals _ Metro_files/cart-check.svg"
                                      />
                                      <span class="invisible-text"
                                        >Product is in the cart</span
                                      >
                                    </div>

                                    <div
                                      class="visual__stickers"
                                      data-dimension-8="PROMO"
                                    >
                                      <div class="icon--sale">
                                        <span>Save</span>
                                      </div>
                                    </div>

                                    <picture class="defaultable-picture">
                                      <source
                                        media="(min-width: 730px)"
                                        srcset="
                                          https://product-images.metro.ca/images/h17/ha9/10402298888222.jpg,
                                          https://product-images.metro.ca/images/h45/h5e/10402299838494.jpg 2x
                                        "
                                      />
                                      <source
                                        media="(min-width: 115px)"
                                        srcset="
                                          https://product-images.metro.ca/images/h56/h6b/10402299314206.jpg,
                                          https://product-images.metro.ca/images/h3b/h08/10402299019294.jpg 2x
                                        "
                                      />

                                      <img
                                        onerror="replaceErrorImageByDefaultImage(this)"
                                        alt="Natural Selections Oven Roasted Turkey Breast 175 g"
                                        src="./Deli &amp; Prepared Meals _ Metro_files/10402299314206.jpg"
                                        srcset="
                                          https://product-images.metro.ca/images/h56/h6b/10402299314206.jpg,
                                          https://product-images.metro.ca/images/h3b/h08/10402299019294.jpg 2x
                                        "
                                        data-default="/images/shared/placeholders/icon-no-picture.svg"
                                      />
                                    </picture>
                                  </a>
                                </div>

                                <div class="pt__content">
                                  <div class="pt__content--wrap">
                                    <div class="content__head">
                                      <span class="head__brand">
                                        Maple Leaf
                                      </span>

                                      <a
                                        href="https://www.metro.ca/en/online-grocery/aisles/deli-prepared-meals/deli-meats/turkey-chicken/oven-roasted-turkey-breast/p/063100108731"
                                        tabindex="0"
                                        class="product-details-link"
                                      >
                                        <div
                                          class="head__title"
                                          id="itemTitle-063100108731"
                                        >
                                          Oven Roasted Turkey Breast, Natural
                                          Selections
                                        </div>

                                        <span class="head__unit-details"
                                          >175 g</span
                                        >
                                      </a>

                                      <button
                                        type="button"
                                        class="cta-link show-variety btn--displayFlavours"
                                        other-flavours-target="/en/online-grocery/product/flavours/239916?sku=063100108731"
                                      >
                                        Other varieties
                                      </button>
                                    </div>

                                    <div class="error-summary hide">
                                      <ul>
                                        <li>
                                          <a
                                            href="https://www.metro.ca/en/online-grocery/aisles/deli-prepared-meals?sortOrder=popularity"
                                            class="product-make-choice-error focusOnMySelect hide"
                                            >Specify an option to add the
                                            product to your cart.</a
                                          >
                                        </li>
                                        <li>
                                          <a
                                            href="https://www.metro.ca/en/online-grocery/aisles/deli-prepared-meals?sortOrder=popularity"
                                            class="product-make-choice-cart-starter-error focusOnMySelect hide"
                                            >Specify an option to add the
                                            product to your favourites.</a
                                          >
                                        </li>
                                        <li>
                                          <a
                                            href="https://www.metro.ca/en/online-grocery/aisles/deli-prepared-meals?sortOrder=popularity"
                                            class="product-cart-starter-add-error focusOnMySelect hide"
                                            >An error occurred while adding the
                                            product to your favourites.</a
                                          >
                                        </li>
                                        <li>
                                          <a
                                            href="https://www.metro.ca/en/online-grocery/aisles/deli-prepared-meals?sortOrder=popularity"
                                            class="product-cart-starter-delete-error focusOnMySelect hide"
                                            >An error occurred while deleting
                                            the product.</a
                                          >
                                        </li>
                                        <li>
                                          <a
                                            href="https://www.metro.ca/en/online-grocery/aisles/deli-prepared-meals?sortOrder=popularity"
                                            class="product-cart-update-error focusOnMySelect hide"
                                            >An error occurred while updating
                                            the item in your cart.</a
                                          >
                                        </li>
                                        <li>
                                          <a
                                            href="https://www.metro.ca/en/online-grocery/aisles/deli-prepared-meals?sortOrder=popularity"
                                            class="product-cart-delete-error focusOnMySelect hide"
                                            >An error occurred while deleting
                                            the item in your cart.</a
                                          >
                                        </li>
                                        <li>
                                          <a
                                            href="https://www.metro.ca/en/online-grocery/aisles/deli-prepared-meals?sortOrder=popularity"
                                            class="product-cart-starter-update-error focusOnMySelect hide"
                                            >An error occurred while updating
                                            the product.</a
                                          >
                                        </li>
                                        <li>
                                          <a
                                            href="https://www.metro.ca/en/online-grocery/aisles/deli-prepared-meals?sortOrder=popularity"
                                            class="product-cart-starter-delete-error focusOnMySelect hide"
                                            >An error occurred while deleting
                                            the product.</a
                                          >
                                        </li>
                                        <li>
                                          <a
                                            href="https://www.metro.ca/en/online-grocery/aisles/deli-prepared-meals?sortOrder=popularity"
                                            class="product-age-restriction-cart-starter-error focusOnMySelect hide"
                                            >Please deselect this product.</a
                                          >
                                        </li>
                                      </ul>
                                    </div>

                                    <div class="content__pricing" tabindex="0">
                                      <div data-main-price="7.99">
                                        <div
                                          class="pricing__sale-price promo-price"
                                        >
                                          <span
                                            class="price-update pi-price-promo"
                                            >$7.99</span
                                          >
                                          <span>
                                            &nbsp;<abbr title="Each">ea.</abbr>
                                          </span>
                                        </div>
                                        <div class="pricing__unit-value"></div>

                                        <div class="pricing__secondary-price">
                                          <span
                                            >$4.57 /100<abbr title="Gram"
                                              >g</abbr
                                            ></span
                                          >
                                        </div>
                                      </div>

                                      <div class="pricing__before-price">
                                        <span class="invisible-text"
                                          >Regular price</span
                                        >

                                        <span>$8.99</span>
                                        <span
                                          >&nbsp;<abbr title="Each"
                                            >ea.</abbr
                                          ></span
                                        >
                                      </div>

                                      <div class="pricing__until-date">
                                        <span>Valid until Feb 8, 2023</span>
                                      </div>
                                    </div>
                                  </div>

                                  <div class="pt__content--actions">
                                    <div class="actions__cart pt--actions">
                                      <button
                                        type="button"
                                        class="action__favorite addToCartStarter"
                                        onclick="findFlowCartStarter(this);"
                                        tabindex="0"
                                        aria-describedby="itemTitle-063100108731"
                                      >
                                        <svg
                                          xmlns="http://www.w3.org/2000/svg"
                                          width="24.001"
                                          height="24"
                                          viewBox="0 0 24.001 24"
                                        >
                                          <path
                                            d="M19.022,30.288a.734.734,0,0,1-.519-.215L9.66,21.258a8.8,8.8,0,0,1-2.485-4.267A6.723,6.723,0,0,1,13.709,8.75a7.931,7.931,0,0,1,5.284,2.164A7.921,7.921,0,0,1,24.268,8.75,6.744,6.744,0,0,1,30.826,17a8.769,8.769,0,0,1-2.479,4.256l-8.8,8.816a.733.733,0,0,1-.525.217"
                                            transform="translate(-7 -7.75)"
                                            fill="#d81e05"
                                          ></path>
                                        </svg>
                                        <span class="invisible-text"
                                          >Add to your favourites</span
                                        >
                                      </button>

                                      <div
                                        class="invisible-text"
                                        aria-labelledby="added-live--added"
                                        aria-hidden="true"
                                      >
                                        Product added to cart.
                                      </div>

                                      <button
                                        type="button"
                                        class="btn--minus minus-addToCart minus-updateCart action__remove-from-cart lastInCart"
                                        tabindex="-1"
                                        aria-describedby="itemTitle-063100108731"
                                      >
                                        <span class="invisible-text"
                                          >Decrease quantity unavailable</span
                                        >
                                        <svg
                                          xmlns="http://www.w3.org/2000/svg"
                                          width="14.433"
                                          height="16"
                                          viewBox="0 0 14.433 16"
                                        >
                                          <path
                                            class="cart-minus"
                                            d="M.489,5.524A.488.488,0,0,1,0,5.037V.487a.489.489,0,0,1,.978,0V5.037A.488.488,0,0,1,.489,5.524Z"
                                            transform="translate(11.699 3.091) rotate(90)"
                                            fill="#fff"
                                          ></path>
                                          <path
                                            class="cart-delete"
                                            d="M13670.893,14327.75a.5.5,0,0,1-.5-.468l-.923-12.084h-1.215a.505.505,0,0,1,0-1.011h1.641a.548.548,0,0,1,.08,0h2.247v-1.931a.5.5,0,0,1,.5-.507h4.466a.507.507,0,0,1,.5.507v1.931h2.209a.411.411,0,0,1,.069,0h1.709a.505.505,0,0,1,0,1.011h-1.276l-.835,12.08a.5.5,0,0,1-.5.472Zm.465-1.015h7.24l.8-11.537h-8.92Zm5.326-12.548v-1.426h-3.458v1.426Zm-.224,11.268a.5.5,0,0,1-.481-.529l.342-8.009a.5.5,0,1,1,1.007.043l-.344,8.012a.508.508,0,0,1-.5.483Zm-2.99,0a.507.507,0,0,1-.5-.483l-.341-8.012a.5.5,0,1,1,1-.043l.342,8.009a.505.505,0,0,1-.481.529Z"
                                            transform="translate(-13667.75 -14311.75)"
                                            fill="#fff"
                                          ></path>
                                        </svg>
                                      </button>

                                      <p
                                        class="pt__cart-amount"
                                        aria-live="polite"
                                        aria-atomic="true"
                                      >
                                        <span class="qty-addToCart">1</span>
                                      </p>

                                      <button
                                        type="button"
                                        class="btn--plus plus-addToCart plus-updateCart action__add-to-cart"
                                        tabindex="-1"
                                        aria-describedby="itemTitle-063100108731"
                                      >
                                        <span class="invisible-text"
                                          >Increase quantity</span
                                        >
                                        <svg
                                          class="cart-plus"
                                          xmlns="http://www.w3.org/2000/svg"
                                          width="32"
                                          height="32"
                                          viewBox="0 0 32 32"
                                        >
                                          <g transform="translate(7 8)">
                                            <path
                                              class="shop-cart"
                                              d="M1.2-.75A1.955,1.955,0,1,1-.75,1.205,1.955,1.955,0,0,1,1.2-.75Zm0,2.933a.978.978,0,1,0-.975-.978A.977.977,0,0,0,1.2,2.183Z"
                                              transform="translate(4.538 12.472)"
                                              fill="#fff"
                                            ></path>
                                            <path
                                              class="shop-cart"
                                              d="M1.2-.75A1.955,1.955,0,1,1-.75,1.205,1.955,1.955,0,0,1,1.2-.75Zm0,2.933a.978.978,0,1,0-.975-.978A.977.977,0,0,0,1.2,2.183Z"
                                              transform="translate(11.921 12.472)"
                                              fill="#fff"
                                            ></path>
                                            <path
                                              class="shop-cart"
                                              d="M13.565,14.786H4.576a2.029,2.029,0,0,1-.935-.314,2.09,2.09,0,0,1-.918-1.892v-8.7L.74,3.024a.489.489,0,0,1,.384-.9L3.4,3.105a.489.489,0,0,1,.3.449V12.58a1.189,1.189,0,0,0,.442,1.05,1.092,1.092,0,0,0,.477.178h8.95a.489.489,0,0,1,0,.978Z"
                                              transform="translate(-0.445 -2.086)"
                                              fill="#fff"
                                            ></path>
                                            <path
                                              class="shop-cart"
                                              d="M15.327,13.591H5.706a.486.486,0,0,1-.078-.006A2.023,2.023,0,0,1,3.95,11.533a.487.487,0,1,1,.975,0,1.014,1.014,0,0,0,.4.877,1.275,1.275,0,0,0,.431.2h9.569c.55,0,.811-.743.87-.939V7.049a.487.487,0,1,1,.975,0v4.691a.49.49,0,0,1-.013.114,3.063,3.063,0,0,1-.351.824A1.716,1.716,0,0,1,15.327,13.591Z"
                                              transform="translate(-1.672 -3.644)"
                                              fill="#fff"
                                            ></path>
                                            <g class="cart-plus-group">
                                              <path
                                                class="cart-plus"
                                                d="M-.263,4.79A.488.488,0,0,1-.75,4.3V-.261A.488.488,0,0,1-.263-.75a.488.488,0,0,1,.487.489V4.3A.488.488,0,0,1-.263,4.79Z"
                                                transform="translate(9.199 1.56)"
                                                fill="#fff"
                                              ></path>
                                              <path
                                                class="cart-plus"
                                                d="M.489,5.524A.488.488,0,0,1,0,5.037V.487a.489.489,0,0,1,.978,0V5.037A.488.488,0,0,1,.489,5.524Z"
                                                transform="translate(11.699 3.091) rotate(90)"
                                                fill="#fff"
                                              ></path>
                                            </g>
                                          </g>
                                        </svg>
                                      </button>

                                      <button
                                        class="debounce-250 button-tile-addToCart action__add-to-cart"
                                        data-errorbox="errorBox"
                                        onclick=""
                                        type="button"
                                        tabindex="0"
                                        data-target="/en/service-and-timeslot/service"
                                        aria-describedby="itemTitle-063100108731"
                                        aria-label="Add to the shopping cart"
                                      >
                                        <svg
                                          class="cart-plus"
                                          xmlns="http://www.w3.org/2000/svg"
                                          width="32"
                                          height="32"
                                          viewBox="0 0 32 32"
                                        >
                                          <g transform="translate(7 8)">
                                            <path
                                              class="shop-cart"
                                              d="M1.2-.75A1.955,1.955,0,1,1-.75,1.205,1.955,1.955,0,0,1,1.2-.75Zm0,2.933a.978.978,0,1,0-.975-.978A.977.977,0,0,0,1.2,2.183Z"
                                              transform="translate(4.538 12.472)"
                                              fill="#fff"
                                            ></path>
                                            <path
                                              class="shop-cart"
                                              d="M1.2-.75A1.955,1.955,0,1,1-.75,1.205,1.955,1.955,0,0,1,1.2-.75Zm0,2.933a.978.978,0,1,0-.975-.978A.977.977,0,0,0,1.2,2.183Z"
                                              transform="translate(11.921 12.472)"
                                              fill="#fff"
                                            ></path>
                                            <path
                                              class="shop-cart"
                                              d="M13.565,14.786H4.576a2.029,2.029,0,0,1-.935-.314,2.09,2.09,0,0,1-.918-1.892v-8.7L.74,3.024a.489.489,0,0,1,.384-.9L3.4,3.105a.489.489,0,0,1,.3.449V12.58a1.189,1.189,0,0,0,.442,1.05,1.092,1.092,0,0,0,.477.178h8.95a.489.489,0,0,1,0,.978Z"
                                              transform="translate(-0.445 -2.086)"
                                              fill="#fff"
                                            ></path>
                                            <path
                                              class="shop-cart"
                                              d="M15.327,13.591H5.706a.486.486,0,0,1-.078-.006A2.023,2.023,0,0,1,3.95,11.533a.487.487,0,1,1,.975,0,1.014,1.014,0,0,0,.4.877,1.275,1.275,0,0,0,.431.2h9.569c.55,0,.811-.743.87-.939V7.049a.487.487,0,1,1,.975,0v4.691a.49.49,0,0,1-.013.114,3.063,3.063,0,0,1-.351.824A1.716,1.716,0,0,1,15.327,13.591Z"
                                              transform="translate(-1.672 -3.644)"
                                              fill="#fff"
                                            ></path>
                                            <g class="cart-plus-group">
                                              <path
                                                class="cart-plus"
                                                d="M-.263,4.79A.488.488,0,0,1-.75,4.3V-.261A.488.488,0,0,1-.263-.75a.488.488,0,0,1,.487.489V4.3A.488.488,0,0,1-.263,4.79Z"
                                                transform="translate(9.199 1.56)"
                                                fill="#fff"
                                              ></path>
                                              <path
                                                class="cart-plus"
                                                d="M.489,5.524A.488.488,0,0,1,0,5.037V.487a.489.489,0,0,1,.978,0V5.037A.488.488,0,0,1,.489,5.524Z"
                                                transform="translate(11.699 3.091) rotate(90)"
                                                fill="#fff"
                                              ></path>
                                            </g>
                                          </g>
                                        </svg>
                                      </button>
                                    </div>
                                  </div>
                                </div>
                              </div>

                              <div
                                class="default-product-tile tile-product item-addToCart tile-product--effective-date"
                                data-product-code="773200702226"
                                data-unit-increment="1"
                                data-min-qty="1"
                                data-max-qty="12"
                                data-product-deletable="true"
                                data-is-inactive="false"
                                data-product-name="Hummus"
                                data-product-category="Deli &amp; Prepared Meals"
                                data-product-category-id="000009"
                                data-product-brand="Summer Fresh"
                                data-category-url="/aisles/deli-prepared-meals/antipasto-dips-pates/hummus-spreads"
                                data-is="container-tabs"
                                data-substitution-permission="NO"
                                data-age-restriction="false"
                                data-product-alcohol="false"
                              >
                                <div class="pt__visual">
                                  <a
                                    href="https://www.metro.ca/en/online-grocery/aisles/deli-prepared-meals/antipasto-dips-pates/hummus-spreads/hummus/p/773200702226"
                                    tabindex="0"
                                    class="product-details-link"
                                  >
                                    <div
                                      class="tag-in-cart pt--image--incart hide"
                                    >
                                      <img
                                        src="./Deli &amp; Prepared Meals _ Metro_files/cart-check.svg"
                                      />
                                      <span class="invisible-text"
                                        >Product is in the cart</span
                                      >
                                    </div>

                                    <div
                                      class="visual__stickers"
                                      data-dimension-8="PROMO"
                                    >
                                      <div class="icon--sale">
                                        <span>Save</span>
                                      </div>

                                      <div class="icon--m-points">
                                        <span class="invisible-text">
                                          20 m points</span
                                        >
                                        <span
                                          class="promo-points"
                                          aria-hidden="true"
                                          data-dimension-9="20"
                                          >20</span
                                        >
                                        <span class="pts-text">pts</span>
                                        <img
                                          src="./Deli &amp; Prepared Meals _ Metro_files/icon-m-white.svg"
                                        />
                                      </div>
                                    </div>

                                    <picture class="defaultable-picture">
                                      <source
                                        media="(min-width: 730px)"
                                        srcset="
                                          https://product-images.metro.ca/images/h32/h6f/9213081976862.jpg,
                                          https://product-images.metro.ca/images/h6b/hb9/9213082861598.jpg 2x
                                        "
                                      />
                                      <source
                                        media="(min-width: 115px)"
                                        srcset="
                                          https://product-images.metro.ca/images/hf3/hac/9213082402846.jpg,
                                          https://product-images.metro.ca/images/hcf/h97/9213082107934.jpg 2x
                                        "
                                      />

                                      <img
                                        onerror="replaceErrorImageByDefaultImage(this)"
                                        alt="Summer Fresh Hummus 227 g"
                                        src="./Deli &amp; Prepared Meals _ Metro_files/9213082402846.jpg"
                                        srcset="
                                          https://product-images.metro.ca/images/hf3/hac/9213082402846.jpg,
                                          https://product-images.metro.ca/images/hcf/h97/9213082107934.jpg 2x
                                        "
                                        data-default="/images/shared/placeholders/icon-no-picture.svg"
                                      />
                                    </picture>
                                  </a>
                                </div>

                                <div class="pt__content">
                                  <div class="pt__content--wrap">
                                    <div class="content__head">
                                      <span class="head__brand">
                                        Summer Fresh
                                      </span>

                                      <a
                                        href="https://www.metro.ca/en/online-grocery/aisles/deli-prepared-meals/antipasto-dips-pates/hummus-spreads/hummus/p/773200702226"
                                        tabindex="0"
                                        class="product-details-link"
                                      >
                                        <div
                                          class="head__title"
                                          id="itemTitle-773200702226"
                                        >
                                          Hummus
                                        </div>

                                        <span class="head__unit-details"
                                          >227 g</span
                                        >
                                      </a>

                                      <button
                                        type="button"
                                        class="cta-link show-variety btn--displayFlavours"
                                        other-flavours-target="/en/online-grocery/product/flavours/130398?sku=773200702226"
                                      >
                                        Other varieties
                                      </button>
                                    </div>

                                    <div class="error-summary hide">
                                      <ul>
                                        <li>
                                          <a
                                            href="https://www.metro.ca/en/online-grocery/aisles/deli-prepared-meals?sortOrder=popularity"
                                            class="product-make-choice-error focusOnMySelect hide"
                                            >Specify an option to add the
                                            product to your cart.</a
                                          >
                                        </li>
                                        <li>
                                          <a
                                            href="https://www.metro.ca/en/online-grocery/aisles/deli-prepared-meals?sortOrder=popularity"
                                            class="product-make-choice-cart-starter-error focusOnMySelect hide"
                                            >Specify an option to add the
                                            product to your favourites.</a
                                          >
                                        </li>
                                        <li>
                                          <a
                                            href="https://www.metro.ca/en/online-grocery/aisles/deli-prepared-meals?sortOrder=popularity"
                                            class="product-cart-starter-add-error focusOnMySelect hide"
                                            >An error occurred while adding the
                                            product to your favourites.</a
                                          >
                                        </li>
                                        <li>
                                          <a
                                            href="https://www.metro.ca/en/online-grocery/aisles/deli-prepared-meals?sortOrder=popularity"
                                            class="product-cart-starter-delete-error focusOnMySelect hide"
                                            >An error occurred while deleting
                                            the product.</a
                                          >
                                        </li>
                                        <li>
                                          <a
                                            href="https://www.metro.ca/en/online-grocery/aisles/deli-prepared-meals?sortOrder=popularity"
                                            class="product-cart-update-error focusOnMySelect hide"
                                            >An error occurred while updating
                                            the item in your cart.</a
                                          >
                                        </li>
                                        <li>
                                          <a
                                            href="https://www.metro.ca/en/online-grocery/aisles/deli-prepared-meals?sortOrder=popularity"
                                            class="product-cart-delete-error focusOnMySelect hide"
                                            >An error occurred while deleting
                                            the item in your cart.</a
                                          >
                                        </li>
                                        <li>
                                          <a
                                            href="https://www.metro.ca/en/online-grocery/aisles/deli-prepared-meals?sortOrder=popularity"
                                            class="product-cart-starter-update-error focusOnMySelect hide"
                                            >An error occurred while updating
                                            the product.</a
                                          >
                                        </li>
                                        <li>
                                          <a
                                            href="https://www.metro.ca/en/online-grocery/aisles/deli-prepared-meals?sortOrder=popularity"
                                            class="product-cart-starter-delete-error focusOnMySelect hide"
                                            >An error occurred while deleting
                                            the product.</a
                                          >
                                        </li>
                                        <li>
                                          <a
                                            href="https://www.metro.ca/en/online-grocery/aisles/deli-prepared-meals?sortOrder=popularity"
                                            class="product-age-restriction-cart-starter-error focusOnMySelect hide"
                                            >Please deselect this product.</a
                                          >
                                        </li>
                                      </ul>
                                    </div>

                                    <div class="content__pricing" tabindex="0">
                                      <div data-main-price="3.49">
                                        <div
                                          class="pricing__sale-price promo-price"
                                        >
                                          <span
                                            class="price-update pi-price-promo"
                                            >$3.49</span
                                          >
                                          <span>
                                            &nbsp;<abbr title="Each">ea.</abbr>
                                          </span>
                                        </div>
                                        <div class="pricing__unit-value"></div>

                                        <div class="pricing__secondary-price">
                                          <span
                                            >$1.54 /100<abbr title="Gram"
                                              >g</abbr
                                            ></span
                                          >
                                        </div>
                                      </div>

                                      <div class="pricing__before-price">
                                        <span class="invisible-text"
                                          >Regular price</span
                                        >

                                        <span>$4.79</span>
                                        <span
                                          >&nbsp;<abbr title="Each"
                                            >ea.</abbr
                                          ></span
                                        >
                                      </div>

                                      <div class="pricing__until-date">
                                        <span>Valid until Feb 1, 2023</span>
                                      </div>
                                    </div>
                                  </div>

                                  <div class="pt__content--actions">
                                    <div class="actions__cart pt--actions">
                                      <button
                                        type="button"
                                        class="action__favorite addToCartStarter"
                                        onclick="findFlowCartStarter(this);"
                                        tabindex="0"
                                        aria-describedby="itemTitle-773200702226"
                                      >
                                        <svg
                                          xmlns="http://www.w3.org/2000/svg"
                                          width="24.001"
                                          height="24"
                                          viewBox="0 0 24.001 24"
                                        >
                                          <path
                                            d="M19.022,30.288a.734.734,0,0,1-.519-.215L9.66,21.258a8.8,8.8,0,0,1-2.485-4.267A6.723,6.723,0,0,1,13.709,8.75a7.931,7.931,0,0,1,5.284,2.164A7.921,7.921,0,0,1,24.268,8.75,6.744,6.744,0,0,1,30.826,17a8.769,8.769,0,0,1-2.479,4.256l-8.8,8.816a.733.733,0,0,1-.525.217"
                                            transform="translate(-7 -7.75)"
                                            fill="#d81e05"
                                          ></path>
                                        </svg>
                                        <span class="invisible-text"
                                          >Add to your favourites</span
                                        >
                                      </button>

                                      <div
                                        class="invisible-text"
                                        aria-labelledby="added-live--added"
                                        aria-hidden="true"
                                      >
                                        Product added to cart.
                                      </div>

                                      <button
                                        type="button"
                                        class="btn--minus minus-addToCart minus-updateCart action__remove-from-cart lastInCart"
                                        tabindex="-1"
                                        aria-describedby="itemTitle-773200702226"
                                      >
                                        <span class="invisible-text"
                                          >Decrease quantity unavailable</span
                                        >
                                        <svg
                                          xmlns="http://www.w3.org/2000/svg"
                                          width="14.433"
                                          height="16"
                                          viewBox="0 0 14.433 16"
                                        >
                                          <path
                                            class="cart-minus"
                                            d="M.489,5.524A.488.488,0,0,1,0,5.037V.487a.489.489,0,0,1,.978,0V5.037A.488.488,0,0,1,.489,5.524Z"
                                            transform="translate(11.699 3.091) rotate(90)"
                                            fill="#fff"
                                          ></path>
                                          <path
                                            class="cart-delete"
                                            d="M13670.893,14327.75a.5.5,0,0,1-.5-.468l-.923-12.084h-1.215a.505.505,0,0,1,0-1.011h1.641a.548.548,0,0,1,.08,0h2.247v-1.931a.5.5,0,0,1,.5-.507h4.466a.507.507,0,0,1,.5.507v1.931h2.209a.411.411,0,0,1,.069,0h1.709a.505.505,0,0,1,0,1.011h-1.276l-.835,12.08a.5.5,0,0,1-.5.472Zm.465-1.015h7.24l.8-11.537h-8.92Zm5.326-12.548v-1.426h-3.458v1.426Zm-.224,11.268a.5.5,0,0,1-.481-.529l.342-8.009a.5.5,0,1,1,1.007.043l-.344,8.012a.508.508,0,0,1-.5.483Zm-2.99,0a.507.507,0,0,1-.5-.483l-.341-8.012a.5.5,0,1,1,1-.043l.342,8.009a.505.505,0,0,1-.481.529Z"
                                            transform="translate(-13667.75 -14311.75)"
                                            fill="#fff"
                                          ></path>
                                        </svg>
                                      </button>

                                      <p
                                        class="pt__cart-amount"
                                        aria-live="polite"
                                        aria-atomic="true"
                                      >
                                        <span class="qty-addToCart">1</span>
                                      </p>

                                      <button
                                        type="button"
                                        class="btn--plus plus-addToCart plus-updateCart action__add-to-cart"
                                        tabindex="-1"
                                        aria-describedby="itemTitle-773200702226"
                                      >
                                        <span class="invisible-text"
                                          >Increase quantity</span
                                        >
                                        <svg
                                          class="cart-plus"
                                          xmlns="http://www.w3.org/2000/svg"
                                          width="32"
                                          height="32"
                                          viewBox="0 0 32 32"
                                        >
                                          <g transform="translate(7 8)">
                                            <path
                                              class="shop-cart"
                                              d="M1.2-.75A1.955,1.955,0,1,1-.75,1.205,1.955,1.955,0,0,1,1.2-.75Zm0,2.933a.978.978,0,1,0-.975-.978A.977.977,0,0,0,1.2,2.183Z"
                                              transform="translate(4.538 12.472)"
                                              fill="#fff"
                                            ></path>
                                            <path
                                              class="shop-cart"
                                              d="M1.2-.75A1.955,1.955,0,1,1-.75,1.205,1.955,1.955,0,0,1,1.2-.75Zm0,2.933a.978.978,0,1,0-.975-.978A.977.977,0,0,0,1.2,2.183Z"
                                              transform="translate(11.921 12.472)"
                                              fill="#fff"
                                            ></path>
                                            <path
                                              class="shop-cart"
                                              d="M13.565,14.786H4.576a2.029,2.029,0,0,1-.935-.314,2.09,2.09,0,0,1-.918-1.892v-8.7L.74,3.024a.489.489,0,0,1,.384-.9L3.4,3.105a.489.489,0,0,1,.3.449V12.58a1.189,1.189,0,0,0,.442,1.05,1.092,1.092,0,0,0,.477.178h8.95a.489.489,0,0,1,0,.978Z"
                                              transform="translate(-0.445 -2.086)"
                                              fill="#fff"
                                            ></path>
                                            <path
                                              class="shop-cart"
                                              d="M15.327,13.591H5.706a.486.486,0,0,1-.078-.006A2.023,2.023,0,0,1,3.95,11.533a.487.487,0,1,1,.975,0,1.014,1.014,0,0,0,.4.877,1.275,1.275,0,0,0,.431.2h9.569c.55,0,.811-.743.87-.939V7.049a.487.487,0,1,1,.975,0v4.691a.49.49,0,0,1-.013.114,3.063,3.063,0,0,1-.351.824A1.716,1.716,0,0,1,15.327,13.591Z"
                                              transform="translate(-1.672 -3.644)"
                                              fill="#fff"
                                            ></path>
                                            <g class="cart-plus-group">
                                              <path
                                                class="cart-plus"
                                                d="M-.263,4.79A.488.488,0,0,1-.75,4.3V-.261A.488.488,0,0,1-.263-.75a.488.488,0,0,1,.487.489V4.3A.488.488,0,0,1-.263,4.79Z"
                                                transform="translate(9.199 1.56)"
                                                fill="#fff"
                                              ></path>
                                              <path
                                                class="cart-plus"
                                                d="M.489,5.524A.488.488,0,0,1,0,5.037V.487a.489.489,0,0,1,.978,0V5.037A.488.488,0,0,1,.489,5.524Z"
                                                transform="translate(11.699 3.091) rotate(90)"
                                                fill="#fff"
                                              ></path>
                                            </g>
                                          </g>
                                        </svg>
                                      </button>

                                      <button
                                        class="debounce-250 button-tile-addToCart action__add-to-cart"
                                        data-errorbox="errorBox"
                                        onclick=""
                                        type="button"
                                        tabindex="0"
                                        data-target="/en/service-and-timeslot/service"
                                        aria-describedby="itemTitle-773200702226"
                                        aria-label="Add to the shopping cart"
                                      >
                                        <svg
                                          class="cart-plus"
                                          xmlns="http://www.w3.org/2000/svg"
                                          width="32"
                                          height="32"
                                          viewBox="0 0 32 32"
                                        >
                                          <g transform="translate(7 8)">
                                            <path
                                              class="shop-cart"
                                              d="M1.2-.75A1.955,1.955,0,1,1-.75,1.205,1.955,1.955,0,0,1,1.2-.75Zm0,2.933a.978.978,0,1,0-.975-.978A.977.977,0,0,0,1.2,2.183Z"
                                              transform="translate(4.538 12.472)"
                                              fill="#fff"
                                            ></path>
                                            <path
                                              class="shop-cart"
                                              d="M1.2-.75A1.955,1.955,0,1,1-.75,1.205,1.955,1.955,0,0,1,1.2-.75Zm0,2.933a.978.978,0,1,0-.975-.978A.977.977,0,0,0,1.2,2.183Z"
                                              transform="translate(11.921 12.472)"
                                              fill="#fff"
                                            ></path>
                                            <path
                                              class="shop-cart"
                                              d="M13.565,14.786H4.576a2.029,2.029,0,0,1-.935-.314,2.09,2.09,0,0,1-.918-1.892v-8.7L.74,3.024a.489.489,0,0,1,.384-.9L3.4,3.105a.489.489,0,0,1,.3.449V12.58a1.189,1.189,0,0,0,.442,1.05,1.092,1.092,0,0,0,.477.178h8.95a.489.489,0,0,1,0,.978Z"
                                              transform="translate(-0.445 -2.086)"
                                              fill="#fff"
                                            ></path>
                                            <path
                                              class="shop-cart"
                                              d="M15.327,13.591H5.706a.486.486,0,0,1-.078-.006A2.023,2.023,0,0,1,3.95,11.533a.487.487,0,1,1,.975,0,1.014,1.014,0,0,0,.4.877,1.275,1.275,0,0,0,.431.2h9.569c.55,0,.811-.743.87-.939V7.049a.487.487,0,1,1,.975,0v4.691a.49.49,0,0,1-.013.114,3.063,3.063,0,0,1-.351.824A1.716,1.716,0,0,1,15.327,13.591Z"
                                              transform="translate(-1.672 -3.644)"
                                              fill="#fff"
                                            ></path>
                                            <g class="cart-plus-group">
                                              <path
                                                class="cart-plus"
                                                d="M-.263,4.79A.488.488,0,0,1-.75,4.3V-.261A.488.488,0,0,1-.263-.75a.488.488,0,0,1,.487.489V4.3A.488.488,0,0,1-.263,4.79Z"
                                                transform="translate(9.199 1.56)"
                                                fill="#fff"
                                              ></path>
                                              <path
                                                class="cart-plus"
                                                d="M.489,5.524A.488.488,0,0,1,0,5.037V.487a.489.489,0,0,1,.978,0V5.037A.488.488,0,0,1,.489,5.524Z"
                                                transform="translate(11.699 3.091) rotate(90)"
                                                fill="#fff"
                                              ></path>
                                            </g>
                                          </g>
                                        </svg>
                                      </button>
                                    </div>
                                  </div>
                                </div>
                              </div>

                              <div
                                class="default-product-tile tile-product item-addToCart"
                                data-product-code="217058"
                                data-unit-increment="1"
                                data-min-qty="1"
                                data-max-qty="12"
                                data-product-deletable="true"
                                data-is-inactive="false"
                                data-product-name="Macaroni Salad"
                                data-product-category="Deli &amp; Prepared Meals"
                                data-product-category-id="000009"
                                data-product-brand="Fresh 2 Go"
                                data-category-url="/aisles/deli-prepared-meals/ready-meals-sides/salads"
                                data-is="container-tabs"
                                data-substitution-permission="NO"
                                data-age-restriction="false"
                                data-product-alcohol="false"
                              >
                                <div class="pt__visual">
                                  <a
                                    href="https://www.metro.ca/en/online-grocery/aisles/deli-prepared-meals/ready-meals-sides/salads/macaroni-salad/p/217058"
                                    tabindex="0"
                                    class="product-details-link"
                                  >
                                    <div
                                      class="tag-in-cart pt--image--incart hide"
                                    >
                                      <img
                                        src="./Deli &amp; Prepared Meals _ Metro_files/cart-check.svg"
                                      />
                                      <span class="invisible-text"
                                        >Product is in the cart</span
                                      >
                                    </div>

                                    <div
                                      class="visual__stickers"
                                      data-dimension-8="REG"
                                    ></div>

                                    <picture class="defaultable-picture">
                                      <source
                                        media="(min-width: 730px)"
                                        srcset="
                                          https://product-images.metro.ca/images/h77/hc3/8867980345374.jpg,
                                          https://product-images.metro.ca/images/hf7/h26/8867981033502.jpg 2x
                                        "
                                      />
                                      <source
                                        media="(min-width: 115px)"
                                        srcset="
                                          https://product-images.metro.ca/images/h21/h3a/8867980607518.jpg,
                                          https://product-images.metro.ca/images/h5c/h4a/8867980443678.jpg 2x
                                        "
                                      />

                                      <img
                                        onerror="replaceErrorImageByDefaultImage(this)"
                                        alt="Fresh 2 Go Macaroni Salad "
                                        src="./Deli &amp; Prepared Meals _ Metro_files/8867980607518.jpg"
                                        srcset="
                                          https://product-images.metro.ca/images/h21/h3a/8867980607518.jpg,
                                          https://product-images.metro.ca/images/h5c/h4a/8867980443678.jpg 2x
                                        "
                                        data-default="/images/shared/placeholders/icon-no-picture.svg"
                                      />
                                    </picture>
                                  </a>
                                </div>

                                <div class="pt__content">
                                  <div class="pt__content--wrap">
                                    <div class="content__head">
                                      <span class="head__brand">
                                        Fresh 2 Go
                                      </span>

                                      <a
                                        href="https://www.metro.ca/en/online-grocery/aisles/deli-prepared-meals/ready-meals-sides/salads/macaroni-salad/p/217058"
                                        tabindex="0"
                                        class="product-details-link"
                                      >
                                        <div
                                          class="head__title"
                                          id="itemTitle-217058"
                                        >
                                          Macaroni Salad
                                        </div>
                                      </a>

                                      <button
                                        type="button"
                                        class="cta-link show-variety btn--displayFlavours"
                                        other-flavours-target="/en/online-grocery/product/flavours/207555?sku=217058"
                                      >
                                        Other varieties
                                      </button>

                                      <div
                                        class="pt-option-select"
                                        tabindex="0"
                                      >
                                        <div class="pi-actions-approx">
                                          <div class="pi--cut-wrapper">
                                            <select
                                              class="pt--cut-select select-addToCart"
                                              name="select_element"
                                              tabindex="0"
                                              data-configuration-code="P04"
                                              aria-label="select your Size"
                                            >
                                              <option
                                                value="1"
                                                default-option="false"
                                                aria-label="select your Size"
                                                disabled="disabled"
                                              >
                                                Size
                                              </option>
                                              <option
                                                value="P0401"
                                                code-id="P0401"
                                                main-price="$3.50"
                                                unit-factor="220.0"
                                                regular-price="$3.50"
                                                default-option="true"
                                                selected="selected"
                                                class="activeOption"
                                              >
                                                Small
                                              </option>
                                              <option
                                                value="P0402"
                                                code-id="P0402"
                                                main-price="$5.96"
                                                unit-factor="375.0"
                                                regular-price="$5.96"
                                                default-option="false"
                                              >
                                                Medium
                                              </option>
                                              <option
                                                value="P0403"
                                                code-id="P0403"
                                                main-price="$9.22"
                                                unit-factor="580.0"
                                                regular-price="$9.22"
                                                default-option="false"
                                              >
                                                Large
                                              </option>
                                            </select>
                                          </div>
                                        </div>
                                      </div>
                                    </div>

                                    <div class="error-summary hide">
                                      <ul>
                                        <li>
                                          <a
                                            href="https://www.metro.ca/en/online-grocery/aisles/deli-prepared-meals?sortOrder=popularity"
                                            class="product-make-choice-error focusOnMySelect hide"
                                            >Specify an option to add the
                                            product to your cart.</a
                                          >
                                        </li>
                                        <li>
                                          <a
                                            href="https://www.metro.ca/en/online-grocery/aisles/deli-prepared-meals?sortOrder=popularity"
                                            class="product-make-choice-cart-starter-error focusOnMySelect hide"
                                            >Specify an option to add the
                                            product to your favourites.</a
                                          >
                                        </li>
                                        <li>
                                          <a
                                            href="https://www.metro.ca/en/online-grocery/aisles/deli-prepared-meals?sortOrder=popularity"
                                            class="product-cart-starter-add-error focusOnMySelect hide"
                                            >An error occurred while adding the
                                            product to your favourites.</a
                                          >
                                        </li>
                                        <li>
                                          <a
                                            href="https://www.metro.ca/en/online-grocery/aisles/deli-prepared-meals?sortOrder=popularity"
                                            class="product-cart-starter-delete-error focusOnMySelect hide"
                                            >An error occurred while deleting
                                            the product.</a
                                          >
                                        </li>
                                        <li>
                                          <a
                                            href="https://www.metro.ca/en/online-grocery/aisles/deli-prepared-meals?sortOrder=popularity"
                                            class="product-cart-update-error focusOnMySelect hide"
                                            >An error occurred while updating
                                            the item in your cart.</a
                                          >
                                        </li>
                                        <li>
                                          <a
                                            href="https://www.metro.ca/en/online-grocery/aisles/deli-prepared-meals?sortOrder=popularity"
                                            class="product-cart-delete-error focusOnMySelect hide"
                                            >An error occurred while deleting
                                            the item in your cart.</a
                                          >
                                        </li>
                                        <li>
                                          <a
                                            href="https://www.metro.ca/en/online-grocery/aisles/deli-prepared-meals?sortOrder=popularity"
                                            class="product-cart-starter-update-error focusOnMySelect hide"
                                            >An error occurred while updating
                                            the product.</a
                                          >
                                        </li>
                                        <li>
                                          <a
                                            href="https://www.metro.ca/en/online-grocery/aisles/deli-prepared-meals?sortOrder=popularity"
                                            class="product-cart-starter-delete-error focusOnMySelect hide"
                                            >An error occurred while deleting
                                            the product.</a
                                          >
                                        </li>
                                        <li>
                                          <a
                                            href="https://www.metro.ca/en/online-grocery/aisles/deli-prepared-meals?sortOrder=popularity"
                                            class="product-age-restriction-cart-starter-error focusOnMySelect hide"
                                            >Please deselect this product.</a
                                          >
                                        </li>
                                      </ul>
                                    </div>

                                    <div class="content__pricing" tabindex="0">
                                      <div data-main-price="3.50">
                                        <div class="pricing__sale-price">
                                          <span class="price-update"
                                            >$3.50</span
                                          >
                                          <span>
                                            &nbsp;<abbr title="average"
                                              >avg.</abbr
                                            >&nbsp;<abbr title="Each">ea.</abbr>
                                          </span>
                                        </div>
                                        <div class="pricing__unit-value">
                                          <span class="unit-update"
                                            >(<span class="unit-factor"
                                              >220</span
                                            >&nbsp;g&nbsp;<abbr title="average"
                                              >avg.</abbr
                                            >)</span
                                          >
                                        </div>

                                        <div class="pricing__secondary-price">
                                          <span
                                            >$15.90 /<abbr title="Kilogram"
                                              >kg</abbr
                                            ></span
                                          ><span
                                            >$7.21 /<abbr title="Pound"
                                              >lb.</abbr
                                            ></span
                                          >
                                        </div>
                                      </div>
                                    </div>
                                  </div>

                                  <div class="pt__content--actions">
                                    <div class="actions__cart pt--actions">
                                      <button
                                        type="button"
                                        class="action__favorite addToCartStarter"
                                        onclick="findFlowCartStarter(this);"
                                        tabindex="0"
                                        aria-describedby="itemTitle-217058"
                                      >
                                        <svg
                                          xmlns="http://www.w3.org/2000/svg"
                                          width="24.001"
                                          height="24"
                                          viewBox="0 0 24.001 24"
                                        >
                                          <path
                                            d="M19.022,30.288a.734.734,0,0,1-.519-.215L9.66,21.258a8.8,8.8,0,0,1-2.485-4.267A6.723,6.723,0,0,1,13.709,8.75a7.931,7.931,0,0,1,5.284,2.164A7.921,7.921,0,0,1,24.268,8.75,6.744,6.744,0,0,1,30.826,17a8.769,8.769,0,0,1-2.479,4.256l-8.8,8.816a.733.733,0,0,1-.525.217"
                                            transform="translate(-7 -7.75)"
                                            fill="#d81e05"
                                          ></path>
                                        </svg>
                                        <span class="invisible-text"
                                          >Add to your favourites</span
                                        >
                                      </button>

                                      <div
                                        class="invisible-text"
                                        aria-labelledby="added-live--added"
                                        aria-hidden="true"
                                      >
                                        Product added to cart.
                                      </div>

                                      <button
                                        type="button"
                                        class="btn--minus minus-addToCart minus-updateCart action__remove-from-cart lastInCart"
                                        tabindex="-1"
                                        aria-describedby="itemTitle-217058"
                                      >
                                        <span class="invisible-text"
                                          >Decrease quantity unavailable</span
                                        >
                                        <svg
                                          xmlns="http://www.w3.org/2000/svg"
                                          width="14.433"
                                          height="16"
                                          viewBox="0 0 14.433 16"
                                        >
                                          <path
                                            class="cart-minus"
                                            d="M.489,5.524A.488.488,0,0,1,0,5.037V.487a.489.489,0,0,1,.978,0V5.037A.488.488,0,0,1,.489,5.524Z"
                                            transform="translate(11.699 3.091) rotate(90)"
                                            fill="#fff"
                                          ></path>
                                          <path
                                            class="cart-delete"
                                            d="M13670.893,14327.75a.5.5,0,0,1-.5-.468l-.923-12.084h-1.215a.505.505,0,0,1,0-1.011h1.641a.548.548,0,0,1,.08,0h2.247v-1.931a.5.5,0,0,1,.5-.507h4.466a.507.507,0,0,1,.5.507v1.931h2.209a.411.411,0,0,1,.069,0h1.709a.505.505,0,0,1,0,1.011h-1.276l-.835,12.08a.5.5,0,0,1-.5.472Zm.465-1.015h7.24l.8-11.537h-8.92Zm5.326-12.548v-1.426h-3.458v1.426Zm-.224,11.268a.5.5,0,0,1-.481-.529l.342-8.009a.5.5,0,1,1,1.007.043l-.344,8.012a.508.508,0,0,1-.5.483Zm-2.99,0a.507.507,0,0,1-.5-.483l-.341-8.012a.5.5,0,1,1,1-.043l.342,8.009a.505.505,0,0,1-.481.529Z"
                                            transform="translate(-13667.75 -14311.75)"
                                            fill="#fff"
                                          ></path>
                                        </svg>
                                      </button>

                                      <p
                                        class="pt__cart-amount"
                                        aria-live="polite"
                                        aria-atomic="true"
                                      >
                                        <span class="qty-addToCart">1</span>
                                      </p>

                                      <button
                                        type="button"
                                        class="btn--plus plus-addToCart plus-updateCart action__add-to-cart"
                                        tabindex="-1"
                                        aria-describedby="itemTitle-217058"
                                      >
                                        <span class="invisible-text"
                                          >Increase quantity</span
                                        >
                                        <svg
                                          class="cart-plus"
                                          xmlns="http://www.w3.org/2000/svg"
                                          width="32"
                                          height="32"
                                          viewBox="0 0 32 32"
                                        >
                                          <g transform="translate(7 8)">
                                            <path
                                              class="shop-cart"
                                              d="M1.2-.75A1.955,1.955,0,1,1-.75,1.205,1.955,1.955,0,0,1,1.2-.75Zm0,2.933a.978.978,0,1,0-.975-.978A.977.977,0,0,0,1.2,2.183Z"
                                              transform="translate(4.538 12.472)"
                                              fill="#fff"
                                            ></path>
                                            <path
                                              class="shop-cart"
                                              d="M1.2-.75A1.955,1.955,0,1,1-.75,1.205,1.955,1.955,0,0,1,1.2-.75Zm0,2.933a.978.978,0,1,0-.975-.978A.977.977,0,0,0,1.2,2.183Z"
                                              transform="translate(11.921 12.472)"
                                              fill="#fff"
                                            ></path>
                                            <path
                                              class="shop-cart"
                                              d="M13.565,14.786H4.576a2.029,2.029,0,0,1-.935-.314,2.09,2.09,0,0,1-.918-1.892v-8.7L.74,3.024a.489.489,0,0,1,.384-.9L3.4,3.105a.489.489,0,0,1,.3.449V12.58a1.189,1.189,0,0,0,.442,1.05,1.092,1.092,0,0,0,.477.178h8.95a.489.489,0,0,1,0,.978Z"
                                              transform="translate(-0.445 -2.086)"
                                              fill="#fff"
                                            ></path>
                                            <path
                                              class="shop-cart"
                                              d="M15.327,13.591H5.706a.486.486,0,0,1-.078-.006A2.023,2.023,0,0,1,3.95,11.533a.487.487,0,1,1,.975,0,1.014,1.014,0,0,0,.4.877,1.275,1.275,0,0,0,.431.2h9.569c.55,0,.811-.743.87-.939V7.049a.487.487,0,1,1,.975,0v4.691a.49.49,0,0,1-.013.114,3.063,3.063,0,0,1-.351.824A1.716,1.716,0,0,1,15.327,13.591Z"
                                              transform="translate(-1.672 -3.644)"
                                              fill="#fff"
                                            ></path>
                                            <g class="cart-plus-group">
                                              <path
                                                class="cart-plus"
                                                d="M-.263,4.79A.488.488,0,0,1-.75,4.3V-.261A.488.488,0,0,1-.263-.75a.488.488,0,0,1,.487.489V4.3A.488.488,0,0,1-.263,4.79Z"
                                                transform="translate(9.199 1.56)"
                                                fill="#fff"
                                              ></path>
                                              <path
                                                class="cart-plus"
                                                d="M.489,5.524A.488.488,0,0,1,0,5.037V.487a.489.489,0,0,1,.978,0V5.037A.488.488,0,0,1,.489,5.524Z"
                                                transform="translate(11.699 3.091) rotate(90)"
                                                fill="#fff"
                                              ></path>
                                            </g>
                                          </g>
                                        </svg>
                                      </button>

                                      <button
                                        class="debounce-250 button-tile-addToCart action__add-to-cart"
                                        data-errorbox="errorBox"
                                        onclick=""
                                        type="button"
                                        tabindex="0"
                                        data-target="/en/service-and-timeslot/service"
                                        aria-describedby="itemTitle-217058"
                                        aria-label="Add to the shopping cart"
                                      >
                                        <svg
                                          class="cart-plus"
                                          xmlns="http://www.w3.org/2000/svg"
                                          width="32"
                                          height="32"
                                          viewBox="0 0 32 32"
                                        >
                                          <g transform="translate(7 8)">
                                            <path
                                              class="shop-cart"
                                              d="M1.2-.75A1.955,1.955,0,1,1-.75,1.205,1.955,1.955,0,0,1,1.2-.75Zm0,2.933a.978.978,0,1,0-.975-.978A.977.977,0,0,0,1.2,2.183Z"
                                              transform="translate(4.538 12.472)"
                                              fill="#fff"
                                            ></path>
                                            <path
                                              class="shop-cart"
                                              d="M1.2-.75A1.955,1.955,0,1,1-.75,1.205,1.955,1.955,0,0,1,1.2-.75Zm0,2.933a.978.978,0,1,0-.975-.978A.977.977,0,0,0,1.2,2.183Z"
                                              transform="translate(11.921 12.472)"
                                              fill="#fff"
                                            ></path>
                                            <path
                                              class="shop-cart"
                                              d="M13.565,14.786H4.576a2.029,2.029,0,0,1-.935-.314,2.09,2.09,0,0,1-.918-1.892v-8.7L.74,3.024a.489.489,0,0,1,.384-.9L3.4,3.105a.489.489,0,0,1,.3.449V12.58a1.189,1.189,0,0,0,.442,1.05,1.092,1.092,0,0,0,.477.178h8.95a.489.489,0,0,1,0,.978Z"
                                              transform="translate(-0.445 -2.086)"
                                              fill="#fff"
                                            ></path>
                                            <path
                                              class="shop-cart"
                                              d="M15.327,13.591H5.706a.486.486,0,0,1-.078-.006A2.023,2.023,0,0,1,3.95,11.533a.487.487,0,1,1,.975,0,1.014,1.014,0,0,0,.4.877,1.275,1.275,0,0,0,.431.2h9.569c.55,0,.811-.743.87-.939V7.049a.487.487,0,1,1,.975,0v4.691a.49.49,0,0,1-.013.114,3.063,3.063,0,0,1-.351.824A1.716,1.716,0,0,1,15.327,13.591Z"
                                              transform="translate(-1.672 -3.644)"
                                              fill="#fff"
                                            ></path>
                                            <g class="cart-plus-group">
                                              <path
                                                class="cart-plus"
                                                d="M-.263,4.79A.488.488,0,0,1-.75,4.3V-.261A.488.488,0,0,1-.263-.75a.488.488,0,0,1,.487.489V4.3A.488.488,0,0,1-.263,4.79Z"
                                                transform="translate(9.199 1.56)"
                                                fill="#fff"
                                              ></path>
                                              <path
                                                class="cart-plus"
                                                d="M.489,5.524A.488.488,0,0,1,0,5.037V.487a.489.489,0,0,1,.978,0V5.037A.488.488,0,0,1,.489,5.524Z"
                                                transform="translate(11.699 3.091) rotate(90)"
                                                fill="#fff"
                                              ></path>
                                            </g>
                                          </g>
                                        </svg>
                                      </button>
                                    </div>
                                  </div>
                                </div>
                              </div>

                              <div
                                class="default-product-tile tile-product item-addToCart"
                                data-product-code="066701005560"
                                data-unit-increment="1"
                                data-min-qty="1"
                                data-max-qty="12"
                                data-product-deletable="true"
                                data-is-inactive="false"
                                data-product-name="Frozen Chicken Pot Pie"
                                data-product-category="Frozen"
                                data-product-category-id="000011"
                                data-product-brand="St-Hubert"
                                data-category-url="/aisles/frozen/meat-poultry/meat-pie"
                                data-is="container-tabs"
                                data-substitution-permission="NO"
                                data-age-restriction="false"
                                data-product-alcohol="false"
                              >
                                <div class="pt__visual">
                                  <a
                                    href="https://www.metro.ca/en/online-grocery/aisles/frozen/meat-poultry/meat-pie/frozen-chicken-pot-pie/p/066701005560"
                                    tabindex="0"
                                    class="product-details-link"
                                  >
                                    <div
                                      class="tag-in-cart pt--image--incart hide"
                                    >
                                      <img
                                        src="./Deli &amp; Prepared Meals _ Metro_files/cart-check.svg"
                                      />
                                      <span class="invisible-text"
                                        >Product is in the cart</span
                                      >
                                    </div>

                                    <div
                                      class="visual__stickers"
                                      data-dimension-8="REG"
                                    >
                                      <div class="icon--m-points">
                                        <span class="invisible-text">
                                          50 m points</span
                                        >
                                        <span
                                          class="promo-points"
                                          aria-hidden="true"
                                          data-dimension-9="50"
                                          >50</span
                                        >
                                        <span class="pts-text">pts</span>
                                        <img
                                          src="./Deli &amp; Prepared Meals _ Metro_files/icon-m-white.svg"
                                        />
                                      </div>
                                    </div>

                                    <picture class="defaultable-picture">
                                      <source
                                        media="(min-width: 730px)"
                                        srcset="
                                          https://product-images.metro.ca/images/hd2/ha8/10123657936926.jpg,
                                          https://product-images.metro.ca/images/h3c/h14/10123658952734.jpg 2x
                                        "
                                      />
                                      <source
                                        media="(min-width: 115px)"
                                        srcset="
                                          https://product-images.metro.ca/images/h7f/ha9/10123658395678.jpg,
                                          https://product-images.metro.ca/images/h15/hf9/10123658067998.jpg 2x
                                        "
                                      />

                                      <img
                                        onerror="replaceErrorImageByDefaultImage(this)"
                                        alt="St-Hubert Frozen Chicken Pot Pie 800 g"
                                        src="./Deli &amp; Prepared Meals _ Metro_files/10123658395678.jpg"
                                        srcset="
                                          https://product-images.metro.ca/images/h7f/ha9/10123658395678.jpg,
                                          https://product-images.metro.ca/images/h15/hf9/10123658067998.jpg 2x
                                        "
                                        data-default="/images/shared/placeholders/icon-no-picture.svg"
                                      />
                                    </picture>
                                  </a>
                                </div>

                                <div class="pt__content">
                                  <div class="pt__content--wrap">
                                    <div class="content__head">
                                      <span class="head__brand">
                                        St-Hubert
                                      </span>

                                      <a
                                        href="https://www.metro.ca/en/online-grocery/aisles/frozen/meat-poultry/meat-pie/frozen-chicken-pot-pie/p/066701005560"
                                        tabindex="0"
                                        class="product-details-link"
                                      >
                                        <div
                                          class="head__title"
                                          id="itemTitle-066701005560"
                                        >
                                          Frozen Chicken Pot Pie
                                        </div>

                                        <span class="head__unit-details"
                                          >800 g</span
                                        >
                                      </a>

                                      <button
                                        type="button"
                                        class="cta-link show-variety btn--displayFlavours"
                                        other-flavours-target="/en/online-grocery/product/flavours/238533?sku=066701005560"
                                      >
                                        Other varieties
                                      </button>
                                    </div>

                                    <div class="error-summary hide">
                                      <ul>
                                        <li>
                                          <a
                                            href="https://www.metro.ca/en/online-grocery/aisles/deli-prepared-meals?sortOrder=popularity"
                                            class="product-make-choice-error focusOnMySelect hide"
                                            >Specify an option to add the
                                            product to your cart.</a
                                          >
                                        </li>
                                        <li>
                                          <a
                                            href="https://www.metro.ca/en/online-grocery/aisles/deli-prepared-meals?sortOrder=popularity"
                                            class="product-make-choice-cart-starter-error focusOnMySelect hide"
                                            >Specify an option to add the
                                            product to your favourites.</a
                                          >
                                        </li>
                                        <li>
                                          <a
                                            href="https://www.metro.ca/en/online-grocery/aisles/deli-prepared-meals?sortOrder=popularity"
                                            class="product-cart-starter-add-error focusOnMySelect hide"
                                            >An error occurred while adding the
                                            product to your favourites.</a
                                          >
                                        </li>
                                        <li>
                                          <a
                                            href="https://www.metro.ca/en/online-grocery/aisles/deli-prepared-meals?sortOrder=popularity"
                                            class="product-cart-starter-delete-error focusOnMySelect hide"
                                            >An error occurred while deleting
                                            the product.</a
                                          >
                                        </li>
                                        <li>
                                          <a
                                            href="https://www.metro.ca/en/online-grocery/aisles/deli-prepared-meals?sortOrder=popularity"
                                            class="product-cart-update-error focusOnMySelect hide"
                                            >An error occurred while updating
                                            the item in your cart.</a
                                          >
                                        </li>
                                        <li>
                                          <a
                                            href="https://www.metro.ca/en/online-grocery/aisles/deli-prepared-meals?sortOrder=popularity"
                                            class="product-cart-delete-error focusOnMySelect hide"
                                            >An error occurred while deleting
                                            the item in your cart.</a
                                          >
                                        </li>
                                        <li>
                                          <a
                                            href="https://www.metro.ca/en/online-grocery/aisles/deli-prepared-meals?sortOrder=popularity"
                                            class="product-cart-starter-update-error focusOnMySelect hide"
                                            >An error occurred while updating
                                            the product.</a
                                          >
                                        </li>
                                        <li>
                                          <a
                                            href="https://www.metro.ca/en/online-grocery/aisles/deli-prepared-meals?sortOrder=popularity"
                                            class="product-cart-starter-delete-error focusOnMySelect hide"
                                            >An error occurred while deleting
                                            the product.</a
                                          >
                                        </li>
                                        <li>
                                          <a
                                            href="https://www.metro.ca/en/online-grocery/aisles/deli-prepared-meals?sortOrder=popularity"
                                            class="product-age-restriction-cart-starter-error focusOnMySelect hide"
                                            >Please deselect this product.</a
                                          >
                                        </li>
                                      </ul>
                                    </div>

                                    <div class="content__pricing" tabindex="0">
                                      <div data-main-price="13.99">
                                        <div class="pricing__sale-price">
                                          <span class="price-update"
                                            >$13.99</span
                                          >
                                          <span>
                                            &nbsp;<abbr title="Each">ea.</abbr>
                                          </span>
                                        </div>
                                        <div class="pricing__unit-value"></div>

                                        <div class="pricing__secondary-price">
                                          <span
                                            >$1.75 /100<abbr title="Gram"
                                              >g</abbr
                                            ></span
                                          >
                                        </div>
                                      </div>
                                    </div>
                                  </div>

                                  <div class="pt__content--actions">
                                    <div class="actions__cart pt--actions">
                                      <button
                                        type="button"
                                        class="action__favorite addToCartStarter"
                                        onclick="findFlowCartStarter(this);"
                                        tabindex="0"
                                        aria-describedby="itemTitle-066701005560"
                                      >
                                        <svg
                                          xmlns="http://www.w3.org/2000/svg"
                                          width="24.001"
                                          height="24"
                                          viewBox="0 0 24.001 24"
                                        >
                                          <path
                                            d="M19.022,30.288a.734.734,0,0,1-.519-.215L9.66,21.258a8.8,8.8,0,0,1-2.485-4.267A6.723,6.723,0,0,1,13.709,8.75a7.931,7.931,0,0,1,5.284,2.164A7.921,7.921,0,0,1,24.268,8.75,6.744,6.744,0,0,1,30.826,17a8.769,8.769,0,0,1-2.479,4.256l-8.8,8.816a.733.733,0,0,1-.525.217"
                                            transform="translate(-7 -7.75)"
                                            fill="#d81e05"
                                          ></path>
                                        </svg>
                                        <span class="invisible-text"
                                          >Add to your favourites</span
                                        >
                                      </button>

                                      <div
                                        class="invisible-text"
                                        aria-labelledby="added-live--added"
                                        aria-hidden="true"
                                      >
                                        Product added to cart.
                                      </div>

                                      <button
                                        type="button"
                                        class="btn--minus minus-addToCart minus-updateCart action__remove-from-cart lastInCart"
                                        tabindex="-1"
                                        aria-describedby="itemTitle-066701005560"
                                      >
                                        <span class="invisible-text"
                                          >Decrease quantity unavailable</span
                                        >
                                        <svg
                                          xmlns="http://www.w3.org/2000/svg"
                                          width="14.433"
                                          height="16"
                                          viewBox="0 0 14.433 16"
                                        >
                                          <path
                                            class="cart-minus"
                                            d="M.489,5.524A.488.488,0,0,1,0,5.037V.487a.489.489,0,0,1,.978,0V5.037A.488.488,0,0,1,.489,5.524Z"
                                            transform="translate(11.699 3.091) rotate(90)"
                                            fill="#fff"
                                          ></path>
                                          <path
                                            class="cart-delete"
                                            d="M13670.893,14327.75a.5.5,0,0,1-.5-.468l-.923-12.084h-1.215a.505.505,0,0,1,0-1.011h1.641a.548.548,0,0,1,.08,0h2.247v-1.931a.5.5,0,0,1,.5-.507h4.466a.507.507,0,0,1,.5.507v1.931h2.209a.411.411,0,0,1,.069,0h1.709a.505.505,0,0,1,0,1.011h-1.276l-.835,12.08a.5.5,0,0,1-.5.472Zm.465-1.015h7.24l.8-11.537h-8.92Zm5.326-12.548v-1.426h-3.458v1.426Zm-.224,11.268a.5.5,0,0,1-.481-.529l.342-8.009a.5.5,0,1,1,1.007.043l-.344,8.012a.508.508,0,0,1-.5.483Zm-2.99,0a.507.507,0,0,1-.5-.483l-.341-8.012a.5.5,0,1,1,1-.043l.342,8.009a.505.505,0,0,1-.481.529Z"
                                            transform="translate(-13667.75 -14311.75)"
                                            fill="#fff"
                                          ></path>
                                        </svg>
                                      </button>

                                      <p
                                        class="pt__cart-amount"
                                        aria-live="polite"
                                        aria-atomic="true"
                                      >
                                        <span class="qty-addToCart">1</span>
                                      </p>

                                      <button
                                        type="button"
                                        class="btn--plus plus-addToCart plus-updateCart action__add-to-cart"
                                        tabindex="-1"
                                        aria-describedby="itemTitle-066701005560"
                                      >
                                        <span class="invisible-text"
                                          >Increase quantity</span
                                        >
                                        <svg
                                          class="cart-plus"
                                          xmlns="http://www.w3.org/2000/svg"
                                          width="32"
                                          height="32"
                                          viewBox="0 0 32 32"
                                        >
                                          <g transform="translate(7 8)">
                                            <path
                                              class="shop-cart"
                                              d="M1.2-.75A1.955,1.955,0,1,1-.75,1.205,1.955,1.955,0,0,1,1.2-.75Zm0,2.933a.978.978,0,1,0-.975-.978A.977.977,0,0,0,1.2,2.183Z"
                                              transform="translate(4.538 12.472)"
                                              fill="#fff"
                                            ></path>
                                            <path
                                              class="shop-cart"
                                              d="M1.2-.75A1.955,1.955,0,1,1-.75,1.205,1.955,1.955,0,0,1,1.2-.75Zm0,2.933a.978.978,0,1,0-.975-.978A.977.977,0,0,0,1.2,2.183Z"
                                              transform="translate(11.921 12.472)"
                                              fill="#fff"
                                            ></path>
                                            <path
                                              class="shop-cart"
                                              d="M13.565,14.786H4.576a2.029,2.029,0,0,1-.935-.314,2.09,2.09,0,0,1-.918-1.892v-8.7L.74,3.024a.489.489,0,0,1,.384-.9L3.4,3.105a.489.489,0,0,1,.3.449V12.58a1.189,1.189,0,0,0,.442,1.05,1.092,1.092,0,0,0,.477.178h8.95a.489.489,0,0,1,0,.978Z"
                                              transform="translate(-0.445 -2.086)"
                                              fill="#fff"
                                            ></path>
                                            <path
                                              class="shop-cart"
                                              d="M15.327,13.591H5.706a.486.486,0,0,1-.078-.006A2.023,2.023,0,0,1,3.95,11.533a.487.487,0,1,1,.975,0,1.014,1.014,0,0,0,.4.877,1.275,1.275,0,0,0,.431.2h9.569c.55,0,.811-.743.87-.939V7.049a.487.487,0,1,1,.975,0v4.691a.49.49,0,0,1-.013.114,3.063,3.063,0,0,1-.351.824A1.716,1.716,0,0,1,15.327,13.591Z"
                                              transform="translate(-1.672 -3.644)"
                                              fill="#fff"
                                            ></path>
                                            <g class="cart-plus-group">
                                              <path
                                                class="cart-plus"
                                                d="M-.263,4.79A.488.488,0,0,1-.75,4.3V-.261A.488.488,0,0,1-.263-.75a.488.488,0,0,1,.487.489V4.3A.488.488,0,0,1-.263,4.79Z"
                                                transform="translate(9.199 1.56)"
                                                fill="#fff"
                                              ></path>
                                              <path
                                                class="cart-plus"
                                                d="M.489,5.524A.488.488,0,0,1,0,5.037V.487a.489.489,0,0,1,.978,0V5.037A.488.488,0,0,1,.489,5.524Z"
                                                transform="translate(11.699 3.091) rotate(90)"
                                                fill="#fff"
                                              ></path>
                                            </g>
                                          </g>
                                        </svg>
                                      </button>

                                      <button
                                        class="debounce-250 button-tile-addToCart action__add-to-cart"
                                        data-errorbox="errorBox"
                                        onclick=""
                                        type="button"
                                        tabindex="0"
                                        data-target="/en/service-and-timeslot/service"
                                        aria-describedby="itemTitle-066701005560"
                                        aria-label="Add to the shopping cart"
                                      >
                                        <svg
                                          class="cart-plus"
                                          xmlns="http://www.w3.org/2000/svg"
                                          width="32"
                                          height="32"
                                          viewBox="0 0 32 32"
                                        >
                                          <g transform="translate(7 8)">
                                            <path
                                              class="shop-cart"
                                              d="M1.2-.75A1.955,1.955,0,1,1-.75,1.205,1.955,1.955,0,0,1,1.2-.75Zm0,2.933a.978.978,0,1,0-.975-.978A.977.977,0,0,0,1.2,2.183Z"
                                              transform="translate(4.538 12.472)"
                                              fill="#fff"
                                            ></path>
                                            <path
                                              class="shop-cart"
                                              d="M1.2-.75A1.955,1.955,0,1,1-.75,1.205,1.955,1.955,0,0,1,1.2-.75Zm0,2.933a.978.978,0,1,0-.975-.978A.977.977,0,0,0,1.2,2.183Z"
                                              transform="translate(11.921 12.472)"
                                              fill="#fff"
                                            ></path>
                                            <path
                                              class="shop-cart"
                                              d="M13.565,14.786H4.576a2.029,2.029,0,0,1-.935-.314,2.09,2.09,0,0,1-.918-1.892v-8.7L.74,3.024a.489.489,0,0,1,.384-.9L3.4,3.105a.489.489,0,0,1,.3.449V12.58a1.189,1.189,0,0,0,.442,1.05,1.092,1.092,0,0,0,.477.178h8.95a.489.489,0,0,1,0,.978Z"
                                              transform="translate(-0.445 -2.086)"
                                              fill="#fff"
                                            ></path>
                                            <path
                                              class="shop-cart"
                                              d="M15.327,13.591H5.706a.486.486,0,0,1-.078-.006A2.023,2.023,0,0,1,3.95,11.533a.487.487,0,1,1,.975,0,1.014,1.014,0,0,0,.4.877,1.275,1.275,0,0,0,.431.2h9.569c.55,0,.811-.743.87-.939V7.049a.487.487,0,1,1,.975,0v4.691a.49.49,0,0,1-.013.114,3.063,3.063,0,0,1-.351.824A1.716,1.716,0,0,1,15.327,13.591Z"
                                              transform="translate(-1.672 -3.644)"
                                              fill="#fff"
                                            ></path>
                                            <g class="cart-plus-group">
                                              <path
                                                class="cart-plus"
                                                d="M-.263,4.79A.488.488,0,0,1-.75,4.3V-.261A.488.488,0,0,1-.263-.75a.488.488,0,0,1,.487.489V4.3A.488.488,0,0,1-.263,4.79Z"
                                                transform="translate(9.199 1.56)"
                                                fill="#fff"
                                              ></path>
                                              <path
                                                class="cart-plus"
                                                d="M.489,5.524A.488.488,0,0,1,0,5.037V.487a.489.489,0,0,1,.978,0V5.037A.488.488,0,0,1,.489,5.524Z"
                                                transform="translate(11.699 3.091) rotate(90)"
                                                fill="#fff"
                                              ></path>
                                            </g>
                                          </g>
                                        </svg>
                                      </button>
                                    </div>
                                  </div>
                                </div>
                              </div>

                              <div
                                class="default-product-tile tile-product item-addToCart tile-product--effective-date"
                                data-product-code="223877"
                                data-unit-increment="1"
                                data-min-qty="1"
                                data-max-qty="12"
                                data-product-deletable="true"
                                data-is-inactive="false"
                                data-product-name="Meat Sauce"
                                data-product-category="Deli &amp; Prepared Meals"
                                data-product-category-id="000009"
                                data-product-brand="Fresh 2 Go"
                                data-category-url="/aisles/deli-prepared-meals/fresh-pizza-pasta-sauces"
                                data-is="container-tabs"
                                data-substitution-permission="NO"
                                data-age-restriction="false"
                                data-product-alcohol="false"
                              >
                                <div class="pt__visual">
                                  <a
                                    href="https://www.metro.ca/en/online-grocery/aisles/deli-prepared-meals/fresh-pizza-pasta-sauces/meat-sauce/p/223877"
                                    tabindex="0"
                                    class="product-details-link"
                                  >
                                    <div
                                      class="tag-in-cart pt--image--incart hide"
                                    >
                                      <img
                                        src="./Deli &amp; Prepared Meals _ Metro_files/cart-check.svg"
                                      />
                                      <span class="invisible-text"
                                        >Product is in the cart</span
                                      >
                                    </div>

                                    <div
                                      class="visual__stickers"
                                      data-dimension-8="PROMO"
                                    >
                                      <div class="icon--sale">
                                        <span>Save</span>
                                      </div>
                                    </div>

                                    <picture class="defaultable-picture">
                                      <source
                                        media="(min-width: 730px)"
                                        srcset="
                                          https://product-images.metro.ca/images/hdb/hb4/8821597765662.jpg,
                                          https://product-images.metro.ca/images/h3a/h0d/8821600911390.jpg 2x
                                        "
                                      />
                                      <source
                                        media="(min-width: 115px)"
                                        srcset="
                                          https://product-images.metro.ca/images/h44/h41/8821599043614.jpg,
                                          https://product-images.metro.ca/images/hb8/h93/8821598224414.jpg 2x
                                        "
                                      />

                                      <img
                                        onerror="replaceErrorImageByDefaultImage(this)"
                                        alt="Fresh 2 Go Meat Sauce 800 mL"
                                        src="./Deli &amp; Prepared Meals _ Metro_files/8821599043614.jpg"
                                        srcset="
                                          https://product-images.metro.ca/images/h44/h41/8821599043614.jpg,
                                          https://product-images.metro.ca/images/hb8/h93/8821598224414.jpg 2x
                                        "
                                        data-default="/images/shared/placeholders/icon-no-picture.svg"
                                      />
                                    </picture>
                                  </a>
                                </div>

                                <div class="pt__content">
                                  <div class="pt__content--wrap">
                                    <div class="content__head">
                                      <span class="head__brand">
                                        Fresh 2 Go
                                      </span>

                                      <a
                                        href="https://www.metro.ca/en/online-grocery/aisles/deli-prepared-meals/fresh-pizza-pasta-sauces/meat-sauce/p/223877"
                                        tabindex="0"
                                        class="product-details-link"
                                      >
                                        <div
                                          class="head__title"
                                          id="itemTitle-223877"
                                        >
                                          Meat Sauce
                                        </div>

                                        <span class="head__unit-details"
                                          >800 mL</span
                                        >
                                      </a>
                                    </div>

                                    <div class="error-summary hide">
                                      <ul>
                                        <li>
                                          <a
                                            href="https://www.metro.ca/en/online-grocery/aisles/deli-prepared-meals?sortOrder=popularity"
                                            class="product-make-choice-error focusOnMySelect hide"
                                            >Specify an option to add the
                                            product to your cart.</a
                                          >
                                        </li>
                                        <li>
                                          <a
                                            href="https://www.metro.ca/en/online-grocery/aisles/deli-prepared-meals?sortOrder=popularity"
                                            class="product-make-choice-cart-starter-error focusOnMySelect hide"
                                            >Specify an option to add the
                                            product to your favourites.</a
                                          >
                                        </li>
                                        <li>
                                          <a
                                            href="https://www.metro.ca/en/online-grocery/aisles/deli-prepared-meals?sortOrder=popularity"
                                            class="product-cart-starter-add-error focusOnMySelect hide"
                                            >An error occurred while adding the
                                            product to your favourites.</a
                                          >
                                        </li>
                                        <li>
                                          <a
                                            href="https://www.metro.ca/en/online-grocery/aisles/deli-prepared-meals?sortOrder=popularity"
                                            class="product-cart-starter-delete-error focusOnMySelect hide"
                                            >An error occurred while deleting
                                            the product.</a
                                          >
                                        </li>
                                        <li>
                                          <a
                                            href="https://www.metro.ca/en/online-grocery/aisles/deli-prepared-meals?sortOrder=popularity"
                                            class="product-cart-update-error focusOnMySelect hide"
                                            >An error occurred while updating
                                            the item in your cart.</a
                                          >
                                        </li>
                                        <li>
                                          <a
                                            href="https://www.metro.ca/en/online-grocery/aisles/deli-prepared-meals?sortOrder=popularity"
                                            class="product-cart-delete-error focusOnMySelect hide"
                                            >An error occurred while deleting
                                            the item in your cart.</a
                                          >
                                        </li>
                                        <li>
                                          <a
                                            href="https://www.metro.ca/en/online-grocery/aisles/deli-prepared-meals?sortOrder=popularity"
                                            class="product-cart-starter-update-error focusOnMySelect hide"
                                            >An error occurred while updating
                                            the product.</a
                                          >
                                        </li>
                                        <li>
                                          <a
                                            href="https://www.metro.ca/en/online-grocery/aisles/deli-prepared-meals?sortOrder=popularity"
                                            class="product-cart-starter-delete-error focusOnMySelect hide"
                                            >An error occurred while deleting
                                            the product.</a
                                          >
                                        </li>
                                        <li>
                                          <a
                                            href="https://www.metro.ca/en/online-grocery/aisles/deli-prepared-meals?sortOrder=popularity"
                                            class="product-age-restriction-cart-starter-error focusOnMySelect hide"
                                            >Please deselect this product.</a
                                          >
                                        </li>
                                      </ul>
                                    </div>

                                    <div class="content__pricing" tabindex="0">
                                      <div data-main-price="10.99">
                                        <div
                                          class="pricing__sale-price promo-price"
                                        >
                                          <span
                                            class="price-update pi-price-promo"
                                            >$10.99</span
                                          >
                                          <span>
                                            &nbsp;<abbr title="Each">ea.</abbr>
                                          </span>
                                        </div>
                                        <div class="pricing__unit-value"></div>

                                        <div class="pricing__secondary-price">
                                          <span
                                            >$1.37 /100<abbr title="Milliliter"
                                              >ml</abbr
                                            ></span
                                          >
                                        </div>
                                      </div>

                                      <div class="pricing__before-price">
                                        <span class="invisible-text"
                                          >Regular price</span
                                        >

                                        <span>$11.99</span>
                                        <span
                                          >&nbsp;<abbr title="Each"
                                            >ea.</abbr
                                          ></span
                                        >
                                      </div>

                                      <div class="pricing__until-date">
                                        <span>Valid until Feb 8, 2023</span>
                                      </div>
                                    </div>
                                  </div>

                                  <div class="pt__content--actions">
                                    <div class="actions__cart pt--actions">
                                      <button
                                        type="button"
                                        class="action__favorite addToCartStarter"
                                        onclick="findFlowCartStarter(this);"
                                        tabindex="0"
                                        aria-describedby="itemTitle-223877"
                                      >
                                        <svg
                                          xmlns="http://www.w3.org/2000/svg"
                                          width="24.001"
                                          height="24"
                                          viewBox="0 0 24.001 24"
                                        >
                                          <path
                                            d="M19.022,30.288a.734.734,0,0,1-.519-.215L9.66,21.258a8.8,8.8,0,0,1-2.485-4.267A6.723,6.723,0,0,1,13.709,8.75a7.931,7.931,0,0,1,5.284,2.164A7.921,7.921,0,0,1,24.268,8.75,6.744,6.744,0,0,1,30.826,17a8.769,8.769,0,0,1-2.479,4.256l-8.8,8.816a.733.733,0,0,1-.525.217"
                                            transform="translate(-7 -7.75)"
                                            fill="#d81e05"
                                          ></path>
                                        </svg>
                                        <span class="invisible-text"
                                          >Add to your favourites</span
                                        >
                                      </button>

                                      <div
                                        class="invisible-text"
                                        aria-labelledby="added-live--added"
                                        aria-hidden="true"
                                      >
                                        Product added to cart.
                                      </div>

                                      <button
                                        type="button"
                                        class="btn--minus minus-addToCart minus-updateCart action__remove-from-cart lastInCart"
                                        tabindex="-1"
                                        aria-describedby="itemTitle-223877"
                                      >
                                        <span class="invisible-text"
                                          >Decrease quantity unavailable</span
                                        >
                                        <svg
                                          xmlns="http://www.w3.org/2000/svg"
                                          width="14.433"
                                          height="16"
                                          viewBox="0 0 14.433 16"
                                        >
                                          <path
                                            class="cart-minus"
                                            d="M.489,5.524A.488.488,0,0,1,0,5.037V.487a.489.489,0,0,1,.978,0V5.037A.488.488,0,0,1,.489,5.524Z"
                                            transform="translate(11.699 3.091) rotate(90)"
                                            fill="#fff"
                                          ></path>
                                          <path
                                            class="cart-delete"
                                            d="M13670.893,14327.75a.5.5,0,0,1-.5-.468l-.923-12.084h-1.215a.505.505,0,0,1,0-1.011h1.641a.548.548,0,0,1,.08,0h2.247v-1.931a.5.5,0,0,1,.5-.507h4.466a.507.507,0,0,1,.5.507v1.931h2.209a.411.411,0,0,1,.069,0h1.709a.505.505,0,0,1,0,1.011h-1.276l-.835,12.08a.5.5,0,0,1-.5.472Zm.465-1.015h7.24l.8-11.537h-8.92Zm5.326-12.548v-1.426h-3.458v1.426Zm-.224,11.268a.5.5,0,0,1-.481-.529l.342-8.009a.5.5,0,1,1,1.007.043l-.344,8.012a.508.508,0,0,1-.5.483Zm-2.99,0a.507.507,0,0,1-.5-.483l-.341-8.012a.5.5,0,1,1,1-.043l.342,8.009a.505.505,0,0,1-.481.529Z"
                                            transform="translate(-13667.75 -14311.75)"
                                            fill="#fff"
                                          ></path>
                                        </svg>
                                      </button>

                                      <p
                                        class="pt__cart-amount"
                                        aria-live="polite"
                                        aria-atomic="true"
                                      >
                                        <span class="qty-addToCart">1</span>
                                      </p>

                                      <button
                                        type="button"
                                        class="btn--plus plus-addToCart plus-updateCart action__add-to-cart"
                                        tabindex="-1"
                                        aria-describedby="itemTitle-223877"
                                      >
                                        <span class="invisible-text"
                                          >Increase quantity</span
                                        >
                                        <svg
                                          class="cart-plus"
                                          xmlns="http://www.w3.org/2000/svg"
                                          width="32"
                                          height="32"
                                          viewBox="0 0 32 32"
                                        >
                                          <g transform="translate(7 8)">
                                            <path
                                              class="shop-cart"
                                              d="M1.2-.75A1.955,1.955,0,1,1-.75,1.205,1.955,1.955,0,0,1,1.2-.75Zm0,2.933a.978.978,0,1,0-.975-.978A.977.977,0,0,0,1.2,2.183Z"
                                              transform="translate(4.538 12.472)"
                                              fill="#fff"
                                            ></path>
                                            <path
                                              class="shop-cart"
                                              d="M1.2-.75A1.955,1.955,0,1,1-.75,1.205,1.955,1.955,0,0,1,1.2-.75Zm0,2.933a.978.978,0,1,0-.975-.978A.977.977,0,0,0,1.2,2.183Z"
                                              transform="translate(11.921 12.472)"
                                              fill="#fff"
                                            ></path>
                                            <path
                                              class="shop-cart"
                                              d="M13.565,14.786H4.576a2.029,2.029,0,0,1-.935-.314,2.09,2.09,0,0,1-.918-1.892v-8.7L.74,3.024a.489.489,0,0,1,.384-.9L3.4,3.105a.489.489,0,0,1,.3.449V12.58a1.189,1.189,0,0,0,.442,1.05,1.092,1.092,0,0,0,.477.178h8.95a.489.489,0,0,1,0,.978Z"
                                              transform="translate(-0.445 -2.086)"
                                              fill="#fff"
                                            ></path>
                                            <path
                                              class="shop-cart"
                                              d="M15.327,13.591H5.706a.486.486,0,0,1-.078-.006A2.023,2.023,0,0,1,3.95,11.533a.487.487,0,1,1,.975,0,1.014,1.014,0,0,0,.4.877,1.275,1.275,0,0,0,.431.2h9.569c.55,0,.811-.743.87-.939V7.049a.487.487,0,1,1,.975,0v4.691a.49.49,0,0,1-.013.114,3.063,3.063,0,0,1-.351.824A1.716,1.716,0,0,1,15.327,13.591Z"
                                              transform="translate(-1.672 -3.644)"
                                              fill="#fff"
                                            ></path>
                                            <g class="cart-plus-group">
                                              <path
                                                class="cart-plus"
                                                d="M-.263,4.79A.488.488,0,0,1-.75,4.3V-.261A.488.488,0,0,1-.263-.75a.488.488,0,0,1,.487.489V4.3A.488.488,0,0,1-.263,4.79Z"
                                                transform="translate(9.199 1.56)"
                                                fill="#fff"
                                              ></path>
                                              <path
                                                class="cart-plus"
                                                d="M.489,5.524A.488.488,0,0,1,0,5.037V.487a.489.489,0,0,1,.978,0V5.037A.488.488,0,0,1,.489,5.524Z"
                                                transform="translate(11.699 3.091) rotate(90)"
                                                fill="#fff"
                                              ></path>
                                            </g>
                                          </g>
                                        </svg>
                                      </button>

                                      <button
                                        class="debounce-250 button-tile-addToCart action__add-to-cart"
                                        data-errorbox="errorBox"
                                        onclick=""
                                        type="button"
                                        tabindex="0"
                                        data-target="/en/service-and-timeslot/service"
                                        aria-describedby="itemTitle-223877"
                                        aria-label="Add to the shopping cart"
                                      >
                                        <svg
                                          class="cart-plus"
                                          xmlns="http://www.w3.org/2000/svg"
                                          width="32"
                                          height="32"
                                          viewBox="0 0 32 32"
                                        >
                                          <g transform="translate(7 8)">
                                            <path
                                              class="shop-cart"
                                              d="M1.2-.75A1.955,1.955,0,1,1-.75,1.205,1.955,1.955,0,0,1,1.2-.75Zm0,2.933a.978.978,0,1,0-.975-.978A.977.977,0,0,0,1.2,2.183Z"
                                              transform="translate(4.538 12.472)"
                                              fill="#fff"
                                            ></path>
                                            <path
                                              class="shop-cart"
                                              d="M1.2-.75A1.955,1.955,0,1,1-.75,1.205,1.955,1.955,0,0,1,1.2-.75Zm0,2.933a.978.978,0,1,0-.975-.978A.977.977,0,0,0,1.2,2.183Z"
                                              transform="translate(11.921 12.472)"
                                              fill="#fff"
                                            ></path>
                                            <path
                                              class="shop-cart"
                                              d="M13.565,14.786H4.576a2.029,2.029,0,0,1-.935-.314,2.09,2.09,0,0,1-.918-1.892v-8.7L.74,3.024a.489.489,0,0,1,.384-.9L3.4,3.105a.489.489,0,0,1,.3.449V12.58a1.189,1.189,0,0,0,.442,1.05,1.092,1.092,0,0,0,.477.178h8.95a.489.489,0,0,1,0,.978Z"
                                              transform="translate(-0.445 -2.086)"
                                              fill="#fff"
                                            ></path>
                                            <path
                                              class="shop-cart"
                                              d="M15.327,13.591H5.706a.486.486,0,0,1-.078-.006A2.023,2.023,0,0,1,3.95,11.533a.487.487,0,1,1,.975,0,1.014,1.014,0,0,0,.4.877,1.275,1.275,0,0,0,.431.2h9.569c.55,0,.811-.743.87-.939V7.049a.487.487,0,1,1,.975,0v4.691a.49.49,0,0,1-.013.114,3.063,3.063,0,0,1-.351.824A1.716,1.716,0,0,1,15.327,13.591Z"
                                              transform="translate(-1.672 -3.644)"
                                              fill="#fff"
                                            ></path>
                                            <g class="cart-plus-group">
                                              <path
                                                class="cart-plus"
                                                d="M-.263,4.79A.488.488,0,0,1-.75,4.3V-.261A.488.488,0,0,1-.263-.75a.488.488,0,0,1,.487.489V4.3A.488.488,0,0,1-.263,4.79Z"
                                                transform="translate(9.199 1.56)"
                                                fill="#fff"
                                              ></path>
                                              <path
                                                class="cart-plus"
                                                d="M.489,5.524A.488.488,0,0,1,0,5.037V.487a.489.489,0,0,1,.978,0V5.037A.488.488,0,0,1,.489,5.524Z"
                                                transform="translate(11.699 3.091) rotate(90)"
                                                fill="#fff"
                                              ></path>
                                            </g>
                                          </g>
                                        </svg>
                                      </button>
                                    </div>
                                  </div>
                                </div>
                              </div>

                              <div
                                class="default-product-tile tile-product item-addToCart"
                                data-product-code="627907057397"
                                data-unit-increment="1"
                                data-min-qty="1"
                                data-max-qty="12"
                                data-product-deletable="true"
                                data-is-inactive="false"
                                data-product-name="Prosciutto"
                                data-product-category="Deli &amp; Prepared Meals"
                                data-product-category-id="000009"
                                data-product-brand="Marc Angelo"
                                data-category-url="/aisles/deli-prepared-meals/deli-meats/prosciutto-mortadella"
                                data-is="container-tabs"
                                data-substitution-permission="NO"
                                data-age-restriction="false"
                                data-product-alcohol="false"
                              >
                                <div class="pt__visual">
                                  <a
                                    href="https://www.metro.ca/en/online-grocery/aisles/deli-prepared-meals/deli-meats/prosciutto-mortadella/prosciutto/p/627907057397"
                                    tabindex="0"
                                    class="product-details-link"
                                  >
                                    <div
                                      class="tag-in-cart pt--image--incart hide"
                                    >
                                      <img
                                        src="./Deli &amp; Prepared Meals _ Metro_files/cart-check.svg"
                                      />
                                      <span class="invisible-text"
                                        >Product is in the cart</span
                                      >
                                    </div>

                                    <div
                                      class="visual__stickers"
                                      data-dimension-8="REG"
                                    ></div>

                                    <picture class="defaultable-picture">
                                      <source
                                        media="(min-width: 730px)"
                                        srcset="
                                          https://product-images.metro.ca/images/hb1/h8b/9529882214430.jpg,
                                          https://product-images.metro.ca/images/hbe/ha8/9529883131934.jpg 2x
                                        "
                                      />
                                      <source
                                        media="(min-width: 115px)"
                                        srcset="
                                          https://product-images.metro.ca/images/h37/hb5/9529882640414.jpg,
                                          https://product-images.metro.ca/images/h05/h06/9529882345502.jpg 2x
                                        "
                                      />

                                      <img
                                        onerror="replaceErrorImageByDefaultImage(this)"
                                        alt="Marc Angelo Prosciutto 100 g"
                                        src="./Deli &amp; Prepared Meals _ Metro_files/9529882640414.jpg"
                                        srcset="
                                          https://product-images.metro.ca/images/h37/hb5/9529882640414.jpg,
                                          https://product-images.metro.ca/images/h05/h06/9529882345502.jpg 2x
                                        "
                                        data-default="/images/shared/placeholders/icon-no-picture.svg"
                                      />
                                    </picture>
                                  </a>
                                </div>

                                <div class="pt__content">
                                  <div class="pt__content--wrap">
                                    <div class="content__head">
                                      <span class="head__brand">
                                        Marc Angelo
                                      </span>

                                      <a
                                        href="https://www.metro.ca/en/online-grocery/aisles/deli-prepared-meals/deli-meats/prosciutto-mortadella/prosciutto/p/627907057397"
                                        tabindex="0"
                                        class="product-details-link"
                                      >
                                        <div
                                          class="head__title"
                                          id="itemTitle-627907057397"
                                        >
                                          Prosciutto
                                        </div>

                                        <span class="head__unit-details"
                                          >100 g</span
                                        >
                                      </a>
                                    </div>

                                    <div class="error-summary hide">
                                      <ul>
                                        <li>
                                          <a
                                            href="https://www.metro.ca/en/online-grocery/aisles/deli-prepared-meals?sortOrder=popularity"
                                            class="product-make-choice-error focusOnMySelect hide"
                                            >Specify an option to add the
                                            product to your cart.</a
                                          >
                                        </li>
                                        <li>
                                          <a
                                            href="https://www.metro.ca/en/online-grocery/aisles/deli-prepared-meals?sortOrder=popularity"
                                            class="product-make-choice-cart-starter-error focusOnMySelect hide"
                                            >Specify an option to add the
                                            product to your favourites.</a
                                          >
                                        </li>
                                        <li>
                                          <a
                                            href="https://www.metro.ca/en/online-grocery/aisles/deli-prepared-meals?sortOrder=popularity"
                                            class="product-cart-starter-add-error focusOnMySelect hide"
                                            >An error occurred while adding the
                                            product to your favourites.</a
                                          >
                                        </li>
                                        <li>
                                          <a
                                            href="https://www.metro.ca/en/online-grocery/aisles/deli-prepared-meals?sortOrder=popularity"
                                            class="product-cart-starter-delete-error focusOnMySelect hide"
                                            >An error occurred while deleting
                                            the product.</a
                                          >
                                        </li>
                                        <li>
                                          <a
                                            href="https://www.metro.ca/en/online-grocery/aisles/deli-prepared-meals?sortOrder=popularity"
                                            class="product-cart-update-error focusOnMySelect hide"
                                            >An error occurred while updating
                                            the item in your cart.</a
                                          >
                                        </li>
                                        <li>
                                          <a
                                            href="https://www.metro.ca/en/online-grocery/aisles/deli-prepared-meals?sortOrder=popularity"
                                            class="product-cart-delete-error focusOnMySelect hide"
                                            >An error occurred while deleting
                                            the item in your cart.</a
                                          >
                                        </li>
                                        <li>
                                          <a
                                            href="https://www.metro.ca/en/online-grocery/aisles/deli-prepared-meals?sortOrder=popularity"
                                            class="product-cart-starter-update-error focusOnMySelect hide"
                                            >An error occurred while updating
                                            the product.</a
                                          >
                                        </li>
                                        <li>
                                          <a
                                            href="https://www.metro.ca/en/online-grocery/aisles/deli-prepared-meals?sortOrder=popularity"
                                            class="product-cart-starter-delete-error focusOnMySelect hide"
                                            >An error occurred while deleting
                                            the product.</a
                                          >
                                        </li>
                                        <li>
                                          <a
                                            href="https://www.metro.ca/en/online-grocery/aisles/deli-prepared-meals?sortOrder=popularity"
                                            class="product-age-restriction-cart-starter-error focusOnMySelect hide"
                                            >Please deselect this product.</a
                                          >
                                        </li>
                                      </ul>
                                    </div>

                                    <div class="content__pricing" tabindex="0">
                                      <div data-main-price="7.99">
                                        <div class="pricing__sale-price">
                                          <span class="price-update"
                                            >$7.99</span
                                          >
                                          <span>
                                            &nbsp;<abbr title="Each">ea.</abbr>
                                          </span>
                                        </div>
                                        <div class="pricing__unit-value"></div>

                                        <div class="pricing__secondary-price">
                                          <span
                                            >$7.99 /100<abbr title="Gram"
                                              >g</abbr
                                            ></span
                                          >
                                        </div>
                                      </div>
                                    </div>
                                  </div>

                                  <div class="pt__content--actions">
                                    <div class="actions__cart pt--actions">
                                      <button
                                        type="button"
                                        class="action__favorite addToCartStarter"
                                        onclick="findFlowCartStarter(this);"
                                        tabindex="0"
                                        aria-describedby="itemTitle-627907057397"
                                      >
                                        <svg
                                          xmlns="http://www.w3.org/2000/svg"
                                          width="24.001"
                                          height="24"
                                          viewBox="0 0 24.001 24"
                                        >
                                          <path
                                            d="M19.022,30.288a.734.734,0,0,1-.519-.215L9.66,21.258a8.8,8.8,0,0,1-2.485-4.267A6.723,6.723,0,0,1,13.709,8.75a7.931,7.931,0,0,1,5.284,2.164A7.921,7.921,0,0,1,24.268,8.75,6.744,6.744,0,0,1,30.826,17a8.769,8.769,0,0,1-2.479,4.256l-8.8,8.816a.733.733,0,0,1-.525.217"
                                            transform="translate(-7 -7.75)"
                                            fill="#d81e05"
                                          ></path>
                                        </svg>
                                        <span class="invisible-text"
                                          >Add to your favourites</span
                                        >
                                      </button>

                                      <div
                                        class="invisible-text"
                                        aria-labelledby="added-live--added"
                                        aria-hidden="true"
                                      >
                                        Product added to cart.
                                      </div>

                                      <button
                                        type="button"
                                        class="btn--minus minus-addToCart minus-updateCart action__remove-from-cart lastInCart"
                                        tabindex="-1"
                                        aria-describedby="itemTitle-627907057397"
                                      >
                                        <span class="invisible-text"
                                          >Decrease quantity unavailable</span
                                        >
                                        <svg
                                          xmlns="http://www.w3.org/2000/svg"
                                          width="14.433"
                                          height="16"
                                          viewBox="0 0 14.433 16"
                                        >
                                          <path
                                            class="cart-minus"
                                            d="M.489,5.524A.488.488,0,0,1,0,5.037V.487a.489.489,0,0,1,.978,0V5.037A.488.488,0,0,1,.489,5.524Z"
                                            transform="translate(11.699 3.091) rotate(90)"
                                            fill="#fff"
                                          ></path>
                                          <path
                                            class="cart-delete"
                                            d="M13670.893,14327.75a.5.5,0,0,1-.5-.468l-.923-12.084h-1.215a.505.505,0,0,1,0-1.011h1.641a.548.548,0,0,1,.08,0h2.247v-1.931a.5.5,0,0,1,.5-.507h4.466a.507.507,0,0,1,.5.507v1.931h2.209a.411.411,0,0,1,.069,0h1.709a.505.505,0,0,1,0,1.011h-1.276l-.835,12.08a.5.5,0,0,1-.5.472Zm.465-1.015h7.24l.8-11.537h-8.92Zm5.326-12.548v-1.426h-3.458v1.426Zm-.224,11.268a.5.5,0,0,1-.481-.529l.342-8.009a.5.5,0,1,1,1.007.043l-.344,8.012a.508.508,0,0,1-.5.483Zm-2.99,0a.507.507,0,0,1-.5-.483l-.341-8.012a.5.5,0,1,1,1-.043l.342,8.009a.505.505,0,0,1-.481.529Z"
                                            transform="translate(-13667.75 -14311.75)"
                                            fill="#fff"
                                          ></path>
                                        </svg>
                                      </button>

                                      <p
                                        class="pt__cart-amount"
                                        aria-live="polite"
                                        aria-atomic="true"
                                      >
                                        <span class="qty-addToCart">1</span>
                                      </p>

                                      <button
                                        type="button"
                                        class="btn--plus plus-addToCart plus-updateCart action__add-to-cart"
                                        tabindex="-1"
                                        aria-describedby="itemTitle-627907057397"
                                      >
                                        <span class="invisible-text"
                                          >Increase quantity</span
                                        >
                                        <svg
                                          class="cart-plus"
                                          xmlns="http://www.w3.org/2000/svg"
                                          width="32"
                                          height="32"
                                          viewBox="0 0 32 32"
                                        >
                                          <g transform="translate(7 8)">
                                            <path
                                              class="shop-cart"
                                              d="M1.2-.75A1.955,1.955,0,1,1-.75,1.205,1.955,1.955,0,0,1,1.2-.75Zm0,2.933a.978.978,0,1,0-.975-.978A.977.977,0,0,0,1.2,2.183Z"
                                              transform="translate(4.538 12.472)"
                                              fill="#fff"
                                            ></path>
                                            <path
                                              class="shop-cart"
                                              d="M1.2-.75A1.955,1.955,0,1,1-.75,1.205,1.955,1.955,0,0,1,1.2-.75Zm0,2.933a.978.978,0,1,0-.975-.978A.977.977,0,0,0,1.2,2.183Z"
                                              transform="translate(11.921 12.472)"
                                              fill="#fff"
                                            ></path>
                                            <path
                                              class="shop-cart"
                                              d="M13.565,14.786H4.576a2.029,2.029,0,0,1-.935-.314,2.09,2.09,0,0,1-.918-1.892v-8.7L.74,3.024a.489.489,0,0,1,.384-.9L3.4,3.105a.489.489,0,0,1,.3.449V12.58a1.189,1.189,0,0,0,.442,1.05,1.092,1.092,0,0,0,.477.178h8.95a.489.489,0,0,1,0,.978Z"
                                              transform="translate(-0.445 -2.086)"
                                              fill="#fff"
                                            ></path>
                                            <path
                                              class="shop-cart"
                                              d="M15.327,13.591H5.706a.486.486,0,0,1-.078-.006A2.023,2.023,0,0,1,3.95,11.533a.487.487,0,1,1,.975,0,1.014,1.014,0,0,0,.4.877,1.275,1.275,0,0,0,.431.2h9.569c.55,0,.811-.743.87-.939V7.049a.487.487,0,1,1,.975,0v4.691a.49.49,0,0,1-.013.114,3.063,3.063,0,0,1-.351.824A1.716,1.716,0,0,1,15.327,13.591Z"
                                              transform="translate(-1.672 -3.644)"
                                              fill="#fff"
                                            ></path>
                                            <g class="cart-plus-group">
                                              <path
                                                class="cart-plus"
                                                d="M-.263,4.79A.488.488,0,0,1-.75,4.3V-.261A.488.488,0,0,1-.263-.75a.488.488,0,0,1,.487.489V4.3A.488.488,0,0,1-.263,4.79Z"
                                                transform="translate(9.199 1.56)"
                                                fill="#fff"
                                              ></path>
                                              <path
                                                class="cart-plus"
                                                d="M.489,5.524A.488.488,0,0,1,0,5.037V.487a.489.489,0,0,1,.978,0V5.037A.488.488,0,0,1,.489,5.524Z"
                                                transform="translate(11.699 3.091) rotate(90)"
                                                fill="#fff"
                                              ></path>
                                            </g>
                                          </g>
                                        </svg>
                                      </button>

                                      <button
                                        class="debounce-250 button-tile-addToCart action__add-to-cart"
                                        data-errorbox="errorBox"
                                        onclick=""
                                        type="button"
                                        tabindex="0"
                                        data-target="/en/service-and-timeslot/service"
                                        aria-describedby="itemTitle-627907057397"
                                        aria-label="Add to the shopping cart"
                                      >
                                        <svg
                                          class="cart-plus"
                                          xmlns="http://www.w3.org/2000/svg"
                                          width="32"
                                          height="32"
                                          viewBox="0 0 32 32"
                                        >
                                          <g transform="translate(7 8)">
                                            <path
                                              class="shop-cart"
                                              d="M1.2-.75A1.955,1.955,0,1,1-.75,1.205,1.955,1.955,0,0,1,1.2-.75Zm0,2.933a.978.978,0,1,0-.975-.978A.977.977,0,0,0,1.2,2.183Z"
                                              transform="translate(4.538 12.472)"
                                              fill="#fff"
                                            ></path>
                                            <path
                                              class="shop-cart"
                                              d="M1.2-.75A1.955,1.955,0,1,1-.75,1.205,1.955,1.955,0,0,1,1.2-.75Zm0,2.933a.978.978,0,1,0-.975-.978A.977.977,0,0,0,1.2,2.183Z"
                                              transform="translate(11.921 12.472)"
                                              fill="#fff"
                                            ></path>
                                            <path
                                              class="shop-cart"
                                              d="M13.565,14.786H4.576a2.029,2.029,0,0,1-.935-.314,2.09,2.09,0,0,1-.918-1.892v-8.7L.74,3.024a.489.489,0,0,1,.384-.9L3.4,3.105a.489.489,0,0,1,.3.449V12.58a1.189,1.189,0,0,0,.442,1.05,1.092,1.092,0,0,0,.477.178h8.95a.489.489,0,0,1,0,.978Z"
                                              transform="translate(-0.445 -2.086)"
                                              fill="#fff"
                                            ></path>
                                            <path
                                              class="shop-cart"
                                              d="M15.327,13.591H5.706a.486.486,0,0,1-.078-.006A2.023,2.023,0,0,1,3.95,11.533a.487.487,0,1,1,.975,0,1.014,1.014,0,0,0,.4.877,1.275,1.275,0,0,0,.431.2h9.569c.55,0,.811-.743.87-.939V7.049a.487.487,0,1,1,.975,0v4.691a.49.49,0,0,1-.013.114,3.063,3.063,0,0,1-.351.824A1.716,1.716,0,0,1,15.327,13.591Z"
                                              transform="translate(-1.672 -3.644)"
                                              fill="#fff"
                                            ></path>
                                            <g class="cart-plus-group">
                                              <path
                                                class="cart-plus"
                                                d="M-.263,4.79A.488.488,0,0,1-.75,4.3V-.261A.488.488,0,0,1-.263-.75a.488.488,0,0,1,.487.489V4.3A.488.488,0,0,1-.263,4.79Z"
                                                transform="translate(9.199 1.56)"
                                                fill="#fff"
                                              ></path>
                                              <path
                                                class="cart-plus"
                                                d="M.489,5.524A.488.488,0,0,1,0,5.037V.487a.489.489,0,0,1,.978,0V5.037A.488.488,0,0,1,.489,5.524Z"
                                                transform="translate(11.699 3.091) rotate(90)"
                                                fill="#fff"
                                              ></path>
                                            </g>
                                          </g>
                                        </svg>
                                      </button>
                                    </div>
                                  </div>
                                </div>
                              </div>

                              <div
                                class="default-product-tile tile-product item-addToCart"
                                data-product-code="059749936422"
                                data-unit-increment="1"
                                data-min-qty="1"
                                data-max-qty="12"
                                data-product-deletable="true"
                                data-is-inactive="false"
                                data-product-name="Pepperoni Slices"
                                data-product-category="Deli &amp; Prepared Meals"
                                data-product-category-id="000009"
                                data-product-brand="Selection"
                                data-category-url="/aisles/deli-prepared-meals/deli-meats/salami-pepperoni"
                                data-is="container-tabs"
                                data-substitution-permission="NO"
                                data-age-restriction="false"
                                data-product-alcohol="false"
                              >
                                <div class="pt__visual">
                                  <a
                                    href="https://www.metro.ca/en/online-grocery/aisles/deli-prepared-meals/deli-meats/salami-pepperoni/pepperoni-slices/p/059749936422"
                                    tabindex="0"
                                    class="product-details-link"
                                  >
                                    <div
                                      class="tag-in-cart pt--image--incart hide"
                                    >
                                      <img
                                        src="./Deli &amp; Prepared Meals _ Metro_files/cart-check.svg"
                                      />
                                      <span class="invisible-text"
                                        >Product is in the cart</span
                                      >
                                    </div>

                                    <div
                                      class="visual__stickers"
                                      data-dimension-8="REG"
                                    ></div>

                                    <picture class="defaultable-picture">
                                      <source
                                        media="(min-width: 730px)"
                                        srcset="
                                          https://product-images.metro.ca/images/h7d/hbb/8824095375390.jpg,
                                          https://product-images.metro.ca/images/h62/h9d/8824096555038.jpg 2x
                                        "
                                      />
                                      <source
                                        media="(min-width: 115px)"
                                        srcset="
                                          https://product-images.metro.ca/images/h1c/hb3/8824095768606.jpg,
                                          https://product-images.metro.ca/images/h4b/h52/8824095571998.jpg 2x
                                        "
                                      />

                                      <img
                                        onerror="replaceErrorImageByDefaultImage(this)"
                                        alt="Selection Pepperoni Slices 375 g"
                                        src="./Deli &amp; Prepared Meals _ Metro_files/8824095768606.jpg"
                                        srcset="
                                          https://product-images.metro.ca/images/h1c/hb3/8824095768606.jpg,
                                          https://product-images.metro.ca/images/h4b/h52/8824095571998.jpg 2x
                                        "
                                        data-default="/images/shared/placeholders/icon-no-picture.svg"
                                      />
                                    </picture>
                                  </a>
                                </div>

                                <div class="pt__content">
                                  <div class="pt__content--wrap">
                                    <div class="content__head">
                                      <span class="head__brand">
                                        Selection
                                      </span>

                                      <a
                                        href="https://www.metro.ca/en/online-grocery/aisles/deli-prepared-meals/deli-meats/salami-pepperoni/pepperoni-slices/p/059749936422"
                                        tabindex="0"
                                        class="product-details-link"
                                      >
                                        <div
                                          class="head__title"
                                          id="itemTitle-059749936422"
                                        >
                                          Pepperoni Slices
                                        </div>

                                        <span class="head__unit-details"
                                          >375 g</span
                                        >
                                      </a>
                                    </div>

                                    <div class="error-summary hide">
                                      <ul>
                                        <li>
                                          <a
                                            href="https://www.metro.ca/en/online-grocery/aisles/deli-prepared-meals?sortOrder=popularity"
                                            class="product-make-choice-error focusOnMySelect hide"
                                            >Specify an option to add the
                                            product to your cart.</a
                                          >
                                        </li>
                                        <li>
                                          <a
                                            href="https://www.metro.ca/en/online-grocery/aisles/deli-prepared-meals?sortOrder=popularity"
                                            class="product-make-choice-cart-starter-error focusOnMySelect hide"
                                            >Specify an option to add the
                                            product to your favourites.</a
                                          >
                                        </li>
                                        <li>
                                          <a
                                            href="https://www.metro.ca/en/online-grocery/aisles/deli-prepared-meals?sortOrder=popularity"
                                            class="product-cart-starter-add-error focusOnMySelect hide"
                                            >An error occurred while adding the
                                            product to your favourites.</a
                                          >
                                        </li>
                                        <li>
                                          <a
                                            href="https://www.metro.ca/en/online-grocery/aisles/deli-prepared-meals?sortOrder=popularity"
                                            class="product-cart-starter-delete-error focusOnMySelect hide"
                                            >An error occurred while deleting
                                            the product.</a
                                          >
                                        </li>
                                        <li>
                                          <a
                                            href="https://www.metro.ca/en/online-grocery/aisles/deli-prepared-meals?sortOrder=popularity"
                                            class="product-cart-update-error focusOnMySelect hide"
                                            >An error occurred while updating
                                            the item in your cart.</a
                                          >
                                        </li>
                                        <li>
                                          <a
                                            href="https://www.metro.ca/en/online-grocery/aisles/deli-prepared-meals?sortOrder=popularity"
                                            class="product-cart-delete-error focusOnMySelect hide"
                                            >An error occurred while deleting
                                            the item in your cart.</a
                                          >
                                        </li>
                                        <li>
                                          <a
                                            href="https://www.metro.ca/en/online-grocery/aisles/deli-prepared-meals?sortOrder=popularity"
                                            class="product-cart-starter-update-error focusOnMySelect hide"
                                            >An error occurred while updating
                                            the product.</a
                                          >
                                        </li>
                                        <li>
                                          <a
                                            href="https://www.metro.ca/en/online-grocery/aisles/deli-prepared-meals?sortOrder=popularity"
                                            class="product-cart-starter-delete-error focusOnMySelect hide"
                                            >An error occurred while deleting
                                            the product.</a
                                          >
                                        </li>
                                        <li>
                                          <a
                                            href="https://www.metro.ca/en/online-grocery/aisles/deli-prepared-meals?sortOrder=popularity"
                                            class="product-age-restriction-cart-starter-error focusOnMySelect hide"
                                            >Please deselect this product.</a
                                          >
                                        </li>
                                      </ul>
                                    </div>

                                    <div class="content__pricing" tabindex="0">
                                      <div data-main-price="6.99">
                                        <div class="pricing__sale-price">
                                          <span class="price-update"
                                            >$6.99</span
                                          >
                                          <span>
                                            &nbsp;<abbr title="Each">ea.</abbr>
                                          </span>
                                        </div>
                                        <div class="pricing__unit-value"></div>

                                        <div class="pricing__secondary-price">
                                          <span
                                            >$1.86 /100<abbr title="Gram"
                                              >g</abbr
                                            ></span
                                          >
                                        </div>
                                      </div>
                                    </div>
                                  </div>

                                  <div class="pt__content--actions">
                                    <div class="actions__cart pt--actions">
                                      <button
                                        type="button"
                                        class="action__favorite addToCartStarter"
                                        onclick="findFlowCartStarter(this);"
                                        tabindex="0"
                                        aria-describedby="itemTitle-059749936422"
                                      >
                                        <svg
                                          xmlns="http://www.w3.org/2000/svg"
                                          width="24.001"
                                          height="24"
                                          viewBox="0 0 24.001 24"
                                        >
                                          <path
                                            d="M19.022,30.288a.734.734,0,0,1-.519-.215L9.66,21.258a8.8,8.8,0,0,1-2.485-4.267A6.723,6.723,0,0,1,13.709,8.75a7.931,7.931,0,0,1,5.284,2.164A7.921,7.921,0,0,1,24.268,8.75,6.744,6.744,0,0,1,30.826,17a8.769,8.769,0,0,1-2.479,4.256l-8.8,8.816a.733.733,0,0,1-.525.217"
                                            transform="translate(-7 -7.75)"
                                            fill="#d81e05"
                                          ></path>
                                        </svg>
                                        <span class="invisible-text"
                                          >Add to your favourites</span
                                        >
                                      </button>

                                      <div
                                        class="invisible-text"
                                        aria-labelledby="added-live--added"
                                        aria-hidden="true"
                                      >
                                        Product added to cart.
                                      </div>

                                      <button
                                        type="button"
                                        class="btn--minus minus-addToCart minus-updateCart action__remove-from-cart lastInCart"
                                        tabindex="-1"
                                        aria-describedby="itemTitle-059749936422"
                                      >
                                        <span class="invisible-text"
                                          >Decrease quantity unavailable</span
                                        >
                                        <svg
                                          xmlns="http://www.w3.org/2000/svg"
                                          width="14.433"
                                          height="16"
                                          viewBox="0 0 14.433 16"
                                        >
                                          <path
                                            class="cart-minus"
                                            d="M.489,5.524A.488.488,0,0,1,0,5.037V.487a.489.489,0,0,1,.978,0V5.037A.488.488,0,0,1,.489,5.524Z"
                                            transform="translate(11.699 3.091) rotate(90)"
                                            fill="#fff"
                                          ></path>
                                          <path
                                            class="cart-delete"
                                            d="M13670.893,14327.75a.5.5,0,0,1-.5-.468l-.923-12.084h-1.215a.505.505,0,0,1,0-1.011h1.641a.548.548,0,0,1,.08,0h2.247v-1.931a.5.5,0,0,1,.5-.507h4.466a.507.507,0,0,1,.5.507v1.931h2.209a.411.411,0,0,1,.069,0h1.709a.505.505,0,0,1,0,1.011h-1.276l-.835,12.08a.5.5,0,0,1-.5.472Zm.465-1.015h7.24l.8-11.537h-8.92Zm5.326-12.548v-1.426h-3.458v1.426Zm-.224,11.268a.5.5,0,0,1-.481-.529l.342-8.009a.5.5,0,1,1,1.007.043l-.344,8.012a.508.508,0,0,1-.5.483Zm-2.99,0a.507.507,0,0,1-.5-.483l-.341-8.012a.5.5,0,1,1,1-.043l.342,8.009a.505.505,0,0,1-.481.529Z"
                                            transform="translate(-13667.75 -14311.75)"
                                            fill="#fff"
                                          ></path>
                                        </svg>
                                      </button>

                                      <p
                                        class="pt__cart-amount"
                                        aria-live="polite"
                                        aria-atomic="true"
                                      >
                                        <span class="qty-addToCart">1</span>
                                      </p>

                                      <button
                                        type="button"
                                        class="btn--plus plus-addToCart plus-updateCart action__add-to-cart"
                                        tabindex="-1"
                                        aria-describedby="itemTitle-059749936422"
                                      >
                                        <span class="invisible-text"
                                          >Increase quantity</span
                                        >
                                        <svg
                                          class="cart-plus"
                                          xmlns="http://www.w3.org/2000/svg"
                                          width="32"
                                          height="32"
                                          viewBox="0 0 32 32"
                                        >
                                          <g transform="translate(7 8)">
                                            <path
                                              class="shop-cart"
                                              d="M1.2-.75A1.955,1.955,0,1,1-.75,1.205,1.955,1.955,0,0,1,1.2-.75Zm0,2.933a.978.978,0,1,0-.975-.978A.977.977,0,0,0,1.2,2.183Z"
                                              transform="translate(4.538 12.472)"
                                              fill="#fff"
                                            ></path>
                                            <path
                                              class="shop-cart"
                                              d="M1.2-.75A1.955,1.955,0,1,1-.75,1.205,1.955,1.955,0,0,1,1.2-.75Zm0,2.933a.978.978,0,1,0-.975-.978A.977.977,0,0,0,1.2,2.183Z"
                                              transform="translate(11.921 12.472)"
                                              fill="#fff"
                                            ></path>
                                            <path
                                              class="shop-cart"
                                              d="M13.565,14.786H4.576a2.029,2.029,0,0,1-.935-.314,2.09,2.09,0,0,1-.918-1.892v-8.7L.74,3.024a.489.489,0,0,1,.384-.9L3.4,3.105a.489.489,0,0,1,.3.449V12.58a1.189,1.189,0,0,0,.442,1.05,1.092,1.092,0,0,0,.477.178h8.95a.489.489,0,0,1,0,.978Z"
                                              transform="translate(-0.445 -2.086)"
                                              fill="#fff"
                                            ></path>
                                            <path
                                              class="shop-cart"
                                              d="M15.327,13.591H5.706a.486.486,0,0,1-.078-.006A2.023,2.023,0,0,1,3.95,11.533a.487.487,0,1,1,.975,0,1.014,1.014,0,0,0,.4.877,1.275,1.275,0,0,0,.431.2h9.569c.55,0,.811-.743.87-.939V7.049a.487.487,0,1,1,.975,0v4.691a.49.49,0,0,1-.013.114,3.063,3.063,0,0,1-.351.824A1.716,1.716,0,0,1,15.327,13.591Z"
                                              transform="translate(-1.672 -3.644)"
                                              fill="#fff"
                                            ></path>
                                            <g class="cart-plus-group">
                                              <path
                                                class="cart-plus"
                                                d="M-.263,4.79A.488.488,0,0,1-.75,4.3V-.261A.488.488,0,0,1-.263-.75a.488.488,0,0,1,.487.489V4.3A.488.488,0,0,1-.263,4.79Z"
                                                transform="translate(9.199 1.56)"
                                                fill="#fff"
                                              ></path>
                                              <path
                                                class="cart-plus"
                                                d="M.489,5.524A.488.488,0,0,1,0,5.037V.487a.489.489,0,0,1,.978,0V5.037A.488.488,0,0,1,.489,5.524Z"
                                                transform="translate(11.699 3.091) rotate(90)"
                                                fill="#fff"
                                              ></path>
                                            </g>
                                          </g>
                                        </svg>
                                      </button>

                                      <button
                                        class="debounce-250 button-tile-addToCart action__add-to-cart"
                                        data-errorbox="errorBox"
                                        onclick=""
                                        type="button"
                                        tabindex="0"
                                        data-target="/en/service-and-timeslot/service"
                                        aria-describedby="itemTitle-059749936422"
                                        aria-label="Add to the shopping cart"
                                      >
                                        <svg
                                          class="cart-plus"
                                          xmlns="http://www.w3.org/2000/svg"
                                          width="32"
                                          height="32"
                                          viewBox="0 0 32 32"
                                        >
                                          <g transform="translate(7 8)">
                                            <path
                                              class="shop-cart"
                                              d="M1.2-.75A1.955,1.955,0,1,1-.75,1.205,1.955,1.955,0,0,1,1.2-.75Zm0,2.933a.978.978,0,1,0-.975-.978A.977.977,0,0,0,1.2,2.183Z"
                                              transform="translate(4.538 12.472)"
                                              fill="#fff"
                                            ></path>
                                            <path
                                              class="shop-cart"
                                              d="M1.2-.75A1.955,1.955,0,1,1-.75,1.205,1.955,1.955,0,0,1,1.2-.75Zm0,2.933a.978.978,0,1,0-.975-.978A.977.977,0,0,0,1.2,2.183Z"
                                              transform="translate(11.921 12.472)"
                                              fill="#fff"
                                            ></path>
                                            <path
                                              class="shop-cart"
                                              d="M13.565,14.786H4.576a2.029,2.029,0,0,1-.935-.314,2.09,2.09,0,0,1-.918-1.892v-8.7L.74,3.024a.489.489,0,0,1,.384-.9L3.4,3.105a.489.489,0,0,1,.3.449V12.58a1.189,1.189,0,0,0,.442,1.05,1.092,1.092,0,0,0,.477.178h8.95a.489.489,0,0,1,0,.978Z"
                                              transform="translate(-0.445 -2.086)"
                                              fill="#fff"
                                            ></path>
                                            <path
                                              class="shop-cart"
                                              d="M15.327,13.591H5.706a.486.486,0,0,1-.078-.006A2.023,2.023,0,0,1,3.95,11.533a.487.487,0,1,1,.975,0,1.014,1.014,0,0,0,.4.877,1.275,1.275,0,0,0,.431.2h9.569c.55,0,.811-.743.87-.939V7.049a.487.487,0,1,1,.975,0v4.691a.49.49,0,0,1-.013.114,3.063,3.063,0,0,1-.351.824A1.716,1.716,0,0,1,15.327,13.591Z"
                                              transform="translate(-1.672 -3.644)"
                                              fill="#fff"
                                            ></path>
                                            <g class="cart-plus-group">
                                              <path
                                                class="cart-plus"
                                                d="M-.263,4.79A.488.488,0,0,1-.75,4.3V-.261A.488.488,0,0,1-.263-.75a.488.488,0,0,1,.487.489V4.3A.488.488,0,0,1-.263,4.79Z"
                                                transform="translate(9.199 1.56)"
                                                fill="#fff"
                                              ></path>
                                              <path
                                                class="cart-plus"
                                                d="M.489,5.524A.488.488,0,0,1,0,5.037V.487a.489.489,0,0,1,.978,0V5.037A.488.488,0,0,1,.489,5.524Z"
                                                transform="translate(11.699 3.091) rotate(90)"
                                                fill="#fff"
                                              ></path>
                                            </g>
                                          </g>
                                        </svg>
                                      </button>
                                    </div>
                                  </div>
                                </div>
                              </div>

                              <div
                                class="default-product-tile tile-product item-addToCart"
                                data-product-code="214477"
                                data-unit-increment="1"
                                data-min-qty="1"
                                data-max-qty="12"
                                data-product-deletable="true"
                                data-is-inactive="false"
                                data-product-name="Pollock and Vegetables Salad"
                                data-product-category="Fish &amp; Seafood"
                                data-product-category-id="000007"
                                data-product-brand="Fresh 2 Go"
                                data-category-url="/aisles/fish-seafood/prepared-fish-seafood/prepared-fish-seafood"
                                data-is="container-tabs"
                                data-substitution-permission="NO"
                                data-age-restriction="false"
                                data-product-alcohol="false"
                              >
                                <div class="pt__visual">
                                  <a
                                    href="https://www.metro.ca/en/online-grocery/aisles/fish-seafood/prepared-fish-seafood/prepared-fish-seafood/pollock-and-vegetables-salad/p/214477"
                                    tabindex="0"
                                    class="product-details-link"
                                  >
                                    <div
                                      class="tag-in-cart pt--image--incart hide"
                                    >
                                      <img
                                        src="./Deli &amp; Prepared Meals _ Metro_files/cart-check.svg"
                                      />
                                      <span class="invisible-text"
                                        >Product is in the cart</span
                                      >
                                    </div>

                                    <div
                                      class="visual__stickers"
                                      data-dimension-8="REG"
                                    ></div>

                                    <picture class="defaultable-picture">
                                      <source
                                        media="(min-width: 730px)"
                                        srcset="
                                          https://product-images.metro.ca/images/h2a/h12/8900515495966.jpg,
                                          https://product-images.metro.ca/images/h40/h5d/8900516479006.jpg 2x
                                        "
                                      />
                                      <source
                                        media="(min-width: 115px)"
                                        srcset="
                                          https://product-images.metro.ca/images/h2e/h3e/8900515921950.jpg,
                                          https://product-images.metro.ca/images/h1e/h5b/8900515627038.jpg 2x
                                        "
                                      />

                                      <img
                                        onerror="replaceErrorImageByDefaultImage(this)"
                                        alt="Fresh 2 Go Pollock and Vegetables Salad "
                                        src="./Deli &amp; Prepared Meals _ Metro_files/8900515921950.jpg"
                                        srcset="
                                          https://product-images.metro.ca/images/h2e/h3e/8900515921950.jpg,
                                          https://product-images.metro.ca/images/h1e/h5b/8900515627038.jpg 2x
                                        "
                                        data-default="/images/shared/placeholders/icon-no-picture.svg"
                                      />
                                    </picture>
                                  </a>
                                </div>

                                <div class="pt__content">
                                  <div class="pt__content--wrap">
                                    <div class="content__head">
                                      <span class="head__brand">
                                        Fresh 2 Go
                                      </span>

                                      <a
                                        href="https://www.metro.ca/en/online-grocery/aisles/fish-seafood/prepared-fish-seafood/prepared-fish-seafood/pollock-and-vegetables-salad/p/214477"
                                        tabindex="0"
                                        class="product-details-link"
                                      >
                                        <div
                                          class="head__title"
                                          id="itemTitle-214477"
                                        >
                                          Pollock and Vegetables Salad
                                        </div>
                                      </a>

                                      <div
                                        class="pt-option-select"
                                        tabindex="0"
                                      >
                                        <div class="pi-actions-approx">
                                          <div class="pi--cut-wrapper">
                                            <select
                                              class="pt--cut-select select-addToCart"
                                              name="select_element"
                                              tabindex="0"
                                              data-configuration-code="P04"
                                              aria-label="select your Size"
                                            >
                                              <option
                                                value="1"
                                                default-option="false"
                                                aria-label="select your Size"
                                                disabled="disabled"
                                              >
                                                Size
                                              </option>
                                              <option
                                                value="P0401"
                                                code-id="P0401"
                                                main-price="$7.27"
                                                unit-factor="300.0"
                                                regular-price="$7.27"
                                                default-option="true"
                                                selected="selected"
                                                class="activeOption"
                                              >
                                                Small
                                              </option>
                                              <option
                                                value="P0402"
                                                code-id="P0402"
                                                main-price="$10.42"
                                                unit-factor="430.0"
                                                regular-price="$10.42"
                                                default-option="false"
                                              >
                                                Medium
                                              </option>
                                              <option
                                                value="P0403"
                                                code-id="P0403"
                                                main-price="$13.33"
                                                unit-factor="550.0"
                                                regular-price="$13.33"
                                                default-option="false"
                                              >
                                                Large
                                              </option>
                                            </select>
                                          </div>
                                        </div>
                                      </div>
                                    </div>

                                    <div class="error-summary hide">
                                      <ul>
                                        <li>
                                          <a
                                            href="https://www.metro.ca/en/online-grocery/aisles/deli-prepared-meals?sortOrder=popularity"
                                            class="product-make-choice-error focusOnMySelect hide"
                                            >Specify an option to add the
                                            product to your cart.</a
                                          >
                                        </li>
                                        <li>
                                          <a
                                            href="https://www.metro.ca/en/online-grocery/aisles/deli-prepared-meals?sortOrder=popularity"
                                            class="product-make-choice-cart-starter-error focusOnMySelect hide"
                                            >Specify an option to add the
                                            product to your favourites.</a
                                          >
                                        </li>
                                        <li>
                                          <a
                                            href="https://www.metro.ca/en/online-grocery/aisles/deli-prepared-meals?sortOrder=popularity"
                                            class="product-cart-starter-add-error focusOnMySelect hide"
                                            >An error occurred while adding the
                                            product to your favourites.</a
                                          >
                                        </li>
                                        <li>
                                          <a
                                            href="https://www.metro.ca/en/online-grocery/aisles/deli-prepared-meals?sortOrder=popularity"
                                            class="product-cart-starter-delete-error focusOnMySelect hide"
                                            >An error occurred while deleting
                                            the product.</a
                                          >
                                        </li>
                                        <li>
                                          <a
                                            href="https://www.metro.ca/en/online-grocery/aisles/deli-prepared-meals?sortOrder=popularity"
                                            class="product-cart-update-error focusOnMySelect hide"
                                            >An error occurred while updating
                                            the item in your cart.</a
                                          >
                                        </li>
                                        <li>
                                          <a
                                            href="https://www.metro.ca/en/online-grocery/aisles/deli-prepared-meals?sortOrder=popularity"
                                            class="product-cart-delete-error focusOnMySelect hide"
                                            >An error occurred while deleting
                                            the item in your cart.</a
                                          >
                                        </li>
                                        <li>
                                          <a
                                            href="https://www.metro.ca/en/online-grocery/aisles/deli-prepared-meals?sortOrder=popularity"
                                            class="product-cart-starter-update-error focusOnMySelect hide"
                                            >An error occurred while updating
                                            the product.</a
                                          >
                                        </li>
                                        <li>
                                          <a
                                            href="https://www.metro.ca/en/online-grocery/aisles/deli-prepared-meals?sortOrder=popularity"
                                            class="product-cart-starter-delete-error focusOnMySelect hide"
                                            >An error occurred while deleting
                                            the product.</a
                                          >
                                        </li>
                                        <li>
                                          <a
                                            href="https://www.metro.ca/en/online-grocery/aisles/deli-prepared-meals?sortOrder=popularity"
                                            class="product-age-restriction-cart-starter-error focusOnMySelect hide"
                                            >Please deselect this product.</a
                                          >
                                        </li>
                                      </ul>
                                    </div>

                                    <div class="content__pricing" tabindex="0">
                                      <div data-main-price="7.27">
                                        <div class="pricing__sale-price">
                                          <span class="price-update"
                                            >$7.27</span
                                          >
                                          <span>
                                            &nbsp;<abbr title="average"
                                              >avg.</abbr
                                            >&nbsp;<abbr title="Each">ea.</abbr>
                                          </span>
                                        </div>
                                        <div class="pricing__unit-value">
                                          <span class="unit-update"
                                            >(<span class="unit-factor"
                                              >300</span
                                            >&nbsp;g&nbsp;<abbr title="average"
                                              >avg.</abbr
                                            >)</span
                                          >
                                        </div>

                                        <div class="pricing__secondary-price">
                                          <span
                                            >$24.23 /<abbr title="Kilogram"
                                              >kg</abbr
                                            ></span
                                          ><span
                                            >$10.99 /<abbr title="Pound"
                                              >lb.</abbr
                                            ></span
                                          >
                                        </div>
                                      </div>
                                    </div>
                                  </div>

                                  <div class="pt__content--actions">
                                    <div class="actions__cart pt--actions">
                                      <button
                                        type="button"
                                        class="action__favorite addToCartStarter"
                                        onclick="findFlowCartStarter(this);"
                                        tabindex="0"
                                        aria-describedby="itemTitle-214477"
                                      >
                                        <svg
                                          xmlns="http://www.w3.org/2000/svg"
                                          width="24.001"
                                          height="24"
                                          viewBox="0 0 24.001 24"
                                        >
                                          <path
                                            d="M19.022,30.288a.734.734,0,0,1-.519-.215L9.66,21.258a8.8,8.8,0,0,1-2.485-4.267A6.723,6.723,0,0,1,13.709,8.75a7.931,7.931,0,0,1,5.284,2.164A7.921,7.921,0,0,1,24.268,8.75,6.744,6.744,0,0,1,30.826,17a8.769,8.769,0,0,1-2.479,4.256l-8.8,8.816a.733.733,0,0,1-.525.217"
                                            transform="translate(-7 -7.75)"
                                            fill="#d81e05"
                                          ></path>
                                        </svg>
                                        <span class="invisible-text"
                                          >Add to your favourites</span
                                        >
                                      </button>

                                      <div
                                        class="invisible-text"
                                        aria-labelledby="added-live--added"
                                        aria-hidden="true"
                                      >
                                        Product added to cart.
                                      </div>

                                      <button
                                        type="button"
                                        class="btn--minus minus-addToCart minus-updateCart action__remove-from-cart lastInCart"
                                        tabindex="-1"
                                        aria-describedby="itemTitle-214477"
                                      >
                                        <span class="invisible-text"
                                          >Decrease quantity unavailable</span
                                        >
                                        <svg
                                          xmlns="http://www.w3.org/2000/svg"
                                          width="14.433"
                                          height="16"
                                          viewBox="0 0 14.433 16"
                                        >
                                          <path
                                            class="cart-minus"
                                            d="M.489,5.524A.488.488,0,0,1,0,5.037V.487a.489.489,0,0,1,.978,0V5.037A.488.488,0,0,1,.489,5.524Z"
                                            transform="translate(11.699 3.091) rotate(90)"
                                            fill="#fff"
                                          ></path>
                                          <path
                                            class="cart-delete"
                                            d="M13670.893,14327.75a.5.5,0,0,1-.5-.468l-.923-12.084h-1.215a.505.505,0,0,1,0-1.011h1.641a.548.548,0,0,1,.08,0h2.247v-1.931a.5.5,0,0,1,.5-.507h4.466a.507.507,0,0,1,.5.507v1.931h2.209a.411.411,0,0,1,.069,0h1.709a.505.505,0,0,1,0,1.011h-1.276l-.835,12.08a.5.5,0,0,1-.5.472Zm.465-1.015h7.24l.8-11.537h-8.92Zm5.326-12.548v-1.426h-3.458v1.426Zm-.224,11.268a.5.5,0,0,1-.481-.529l.342-8.009a.5.5,0,1,1,1.007.043l-.344,8.012a.508.508,0,0,1-.5.483Zm-2.99,0a.507.507,0,0,1-.5-.483l-.341-8.012a.5.5,0,1,1,1-.043l.342,8.009a.505.505,0,0,1-.481.529Z"
                                            transform="translate(-13667.75 -14311.75)"
                                            fill="#fff"
                                          ></path>
                                        </svg>
                                      </button>

                                      <p
                                        class="pt__cart-amount"
                                        aria-live="polite"
                                        aria-atomic="true"
                                      >
                                        <span class="qty-addToCart">1</span>
                                      </p>

                                      <button
                                        type="button"
                                        class="btn--plus plus-addToCart plus-updateCart action__add-to-cart"
                                        tabindex="-1"
                                        aria-describedby="itemTitle-214477"
                                      >
                                        <span class="invisible-text"
                                          >Increase quantity</span
                                        >
                                        <svg
                                          class="cart-plus"
                                          xmlns="http://www.w3.org/2000/svg"
                                          width="32"
                                          height="32"
                                          viewBox="0 0 32 32"
                                        >
                                          <g transform="translate(7 8)">
                                            <path
                                              class="shop-cart"
                                              d="M1.2-.75A1.955,1.955,0,1,1-.75,1.205,1.955,1.955,0,0,1,1.2-.75Zm0,2.933a.978.978,0,1,0-.975-.978A.977.977,0,0,0,1.2,2.183Z"
                                              transform="translate(4.538 12.472)"
                                              fill="#fff"
                                            ></path>
                                            <path
                                              class="shop-cart"
                                              d="M1.2-.75A1.955,1.955,0,1,1-.75,1.205,1.955,1.955,0,0,1,1.2-.75Zm0,2.933a.978.978,0,1,0-.975-.978A.977.977,0,0,0,1.2,2.183Z"
                                              transform="translate(11.921 12.472)"
                                              fill="#fff"
                                            ></path>
                                            <path
                                              class="shop-cart"
                                              d="M13.565,14.786H4.576a2.029,2.029,0,0,1-.935-.314,2.09,2.09,0,0,1-.918-1.892v-8.7L.74,3.024a.489.489,0,0,1,.384-.9L3.4,3.105a.489.489,0,0,1,.3.449V12.58a1.189,1.189,0,0,0,.442,1.05,1.092,1.092,0,0,0,.477.178h8.95a.489.489,0,0,1,0,.978Z"
                                              transform="translate(-0.445 -2.086)"
                                              fill="#fff"
                                            ></path>
                                            <path
                                              class="shop-cart"
                                              d="M15.327,13.591H5.706a.486.486,0,0,1-.078-.006A2.023,2.023,0,0,1,3.95,11.533a.487.487,0,1,1,.975,0,1.014,1.014,0,0,0,.4.877,1.275,1.275,0,0,0,.431.2h9.569c.55,0,.811-.743.87-.939V7.049a.487.487,0,1,1,.975,0v4.691a.49.49,0,0,1-.013.114,3.063,3.063,0,0,1-.351.824A1.716,1.716,0,0,1,15.327,13.591Z"
                                              transform="translate(-1.672 -3.644)"
                                              fill="#fff"
                                            ></path>
                                            <g class="cart-plus-group">
                                              <path
                                                class="cart-plus"
                                                d="M-.263,4.79A.488.488,0,0,1-.75,4.3V-.261A.488.488,0,0,1-.263-.75a.488.488,0,0,1,.487.489V4.3A.488.488,0,0,1-.263,4.79Z"
                                                transform="translate(9.199 1.56)"
                                                fill="#fff"
                                              ></path>
                                              <path
                                                class="cart-plus"
                                                d="M.489,5.524A.488.488,0,0,1,0,5.037V.487a.489.489,0,0,1,.978,0V5.037A.488.488,0,0,1,.489,5.524Z"
                                                transform="translate(11.699 3.091) rotate(90)"
                                                fill="#fff"
                                              ></path>
                                            </g>
                                          </g>
                                        </svg>
                                      </button>

                                      <button
                                        class="debounce-250 button-tile-addToCart action__add-to-cart"
                                        data-errorbox="errorBox"
                                        onclick=""
                                        type="button"
                                        tabindex="0"
                                        data-target="/en/service-and-timeslot/service"
                                        aria-describedby="itemTitle-214477"
                                        aria-label="Add to the shopping cart"
                                      >
                                        <svg
                                          class="cart-plus"
                                          xmlns="http://www.w3.org/2000/svg"
                                          width="32"
                                          height="32"
                                          viewBox="0 0 32 32"
                                        >
                                          <g transform="translate(7 8)">
                                            <path
                                              class="shop-cart"
                                              d="M1.2-.75A1.955,1.955,0,1,1-.75,1.205,1.955,1.955,0,0,1,1.2-.75Zm0,2.933a.978.978,0,1,0-.975-.978A.977.977,0,0,0,1.2,2.183Z"
                                              transform="translate(4.538 12.472)"
                                              fill="#fff"
                                            ></path>
                                            <path
                                              class="shop-cart"
                                              d="M1.2-.75A1.955,1.955,0,1,1-.75,1.205,1.955,1.955,0,0,1,1.2-.75Zm0,2.933a.978.978,0,1,0-.975-.978A.977.977,0,0,0,1.2,2.183Z"
                                              transform="translate(11.921 12.472)"
                                              fill="#fff"
                                            ></path>
                                            <path
                                              class="shop-cart"
                                              d="M13.565,14.786H4.576a2.029,2.029,0,0,1-.935-.314,2.09,2.09,0,0,1-.918-1.892v-8.7L.74,3.024a.489.489,0,0,1,.384-.9L3.4,3.105a.489.489,0,0,1,.3.449V12.58a1.189,1.189,0,0,0,.442,1.05,1.092,1.092,0,0,0,.477.178h8.95a.489.489,0,0,1,0,.978Z"
                                              transform="translate(-0.445 -2.086)"
                                              fill="#fff"
                                            ></path>
                                            <path
                                              class="shop-cart"
                                              d="M15.327,13.591H5.706a.486.486,0,0,1-.078-.006A2.023,2.023,0,0,1,3.95,11.533a.487.487,0,1,1,.975,0,1.014,1.014,0,0,0,.4.877,1.275,1.275,0,0,0,.431.2h9.569c.55,0,.811-.743.87-.939V7.049a.487.487,0,1,1,.975,0v4.691a.49.49,0,0,1-.013.114,3.063,3.063,0,0,1-.351.824A1.716,1.716,0,0,1,15.327,13.591Z"
                                              transform="translate(-1.672 -3.644)"
                                              fill="#fff"
                                            ></path>
                                            <g class="cart-plus-group">
                                              <path
                                                class="cart-plus"
                                                d="M-.263,4.79A.488.488,0,0,1-.75,4.3V-.261A.488.488,0,0,1-.263-.75a.488.488,0,0,1,.487.489V4.3A.488.488,0,0,1-.263,4.79Z"
                                                transform="translate(9.199 1.56)"
                                                fill="#fff"
                                              ></path>
                                              <path
                                                class="cart-plus"
                                                d="M.489,5.524A.488.488,0,0,1,0,5.037V.487a.489.489,0,0,1,.978,0V5.037A.488.488,0,0,1,.489,5.524Z"
                                                transform="translate(11.699 3.091) rotate(90)"
                                                fill="#fff"
                                              ></path>
                                            </g>
                                          </g>
                                        </svg>
                                      </button>
                                    </div>
                                  </div>
                                </div>
                              </div>

                              <div
                                class="pl--flex-filler"
                                aria-hidden="true"
                              ></div>
                              <div
                                class="pl--flex-filler"
                                aria-hidden="true"
                              ></div>
                              <div
                                class="pl--flex-filler"
                                aria-hidden="true"
                              ></div>
                            </div>
                          </div>
                          <!-- / RIGHT CONTENT -->

                          <!-- Product page nav bottom -->
                          <div>
                            <div class="product-page-nav">
                              <div class="ppn--pagination">
                                <a class="cta-primary disabled" tabindex="0">
                                  <span class="cp__label">Previous</span>
                                </a>

                                <span class="ppn--short">1/43</span>

                                <a
                                  href="https://www.metro.ca/en/online-grocery/aisles/deli-prepared-meals-page-2?sortOrder=popularity"
                                  class="cta-primary"
                                  tabindex="0"
                                  aria-label="Next"
                                >
                                  <span class="cp__label">Next</span>
                                </a>
                              </div>
                            </div>
                          </div>
                          <div class="mobile-only">
                            <div class="backToTop-link" id="scrollTopLink">
                              <a
                                href="https://www.metro.ca/en/online-grocery/aisles/deli-prepared-meals?sortOrder=popularity#content"
                                >Top</a
                              >
                            </div>
                          </div>
                        </div>
                      </div>
                    </div>
                  </div>
                </div>

                <script>
                  /*<![CDATA[*/
                  var pageUrl =
                    "\/en\/online-grocery\/aisles\/deli-prepared-meals";
                  var currentSortUrl = "?sortOrder=popularity";
                  var currentFilter = "";
                  var pageNumberUrl = "";
                  var currentHybrisQuery = "";
                  var currentCustomQuery = "";
                  var freeText = "";
                  var isFreeTextSearch = false;
                  var emptyResults = false;
                  var currentAisleUrl = "\/aisles\/deli-prepared-meals";
                  /*]]>*/
                </script>
                <script
                  defer="defer"
                  type="application/javascript"
                  src="./Deli &amp; Prepared Meals _ Metro_files/search.js"
                ></script>

                <script>
                  /*<![CDATA[*/
                  var aisleUrl = "deli-prepared-meals";
                  var lang = "EN";
                  var province = "QC";
                  /*]]>*/
                </script>
                <script
                  defer="defer"
                  type="application/javascript"
                  src="./Deli &amp; Prepared Meals _ Metro_files/product-catalog-ads.js"
                ></script>

                <script>
                  var titleTextClip = "Add";
                  var titleTextUnclip = "Remove";
                  var titleClipNotAllowed =
                    "This coupon cannot be added to your card.";
                  var titleUnclipNotAllowed = "This coupon cannot be removed.";
                  var loyaltyProgram = "metro_et_moi";
                  var clipErrorMsg = "An error occurred. Please try again.";
                  var clipErrorMsgLimitReached =
                    "Sorry, this coupon is no longer available";
                  var unclipErrorMsg = "An error occurred. Please try again.";
                  var couponSoldOut = "SOLD OUT";
                  var clipCouponValidityExpiredText =
                    "This coupon cannot be added. Please check the validity dates and times.";
                  var unclipCouponValidityExpiredText =
                    "This coupon cannot be removed. Please check the validity dates and times.";
                  var couponAvailableSoon = "AVAILABLE SOON";
                </script>

                <div class="hide">
                  <div id="errors" class="fancy-layout">
                    <div>
                      <h3 class="focusable">Error</h3>
                      <p>
                        <strong
                          >Sorry, an error has occurred. Please refresh the
                          page.</strong
                        >
                      </p>
                      <div class="actions">
                        <button id="ok-box" class="btn--red">OK</button>
                      </div>
                    </div>
                  </div>
                </div>

                <div class="modal--with-header remodal-ctc-help">
                  <header class="mwh__header">
                    <button
                      type="button"
                      data-tab-close=".remodal-ctc-help"
                      data-tabs-type="modal--with-header"
                      class="mwh__close"
                    >
                      <span>Close</span>

                      <svg viewBox="0 0 20 20">
                        <use xlink:href="#shared--small--icons--close"></use>
                      </svg>
                    </button>
                  </header>
                  <div class="mwh__content">
                    <ul class="mb-4">
                      <li>
                        <span
                          >By clicking the add button, the coupon will be
                          automatically linked to your metro&amp;moi card.</span
                        >
                      </li>
                      <li>
                        It will also be added to your shopping list and shopping
                        cart.
                      </li>
                      <li>
                        Present your card at checkout and the coupons will be
                        automatically applied on eligible products.
                      </li>
                      <li>
                        <span
                          >Spot the card icon
                          <span class="image-card-help"
                            ><svg
                              xmlns="http://www.w3.org/2000/svg"
                              width="24"
                              height="16.6"
                              viewBox="0 0 24 16.6"
                              class="injected-svg inject-me"
                            >
                              <path
                                d="M23.573 4.362l-.002 2.3-23.3-.02.002-2.3z"
                              ></path>
                              <path
                                d="M23.419 6.533l-22.9-.018.001-1.9 22.9.018z"
                              ></path>
                              <path
                                d="M1.6 16.6C.7 16.6 0 15.9 0 15V1.6C0 .7.7 0 1.6 0h20.7c1 0 1.7.7 1.7 1.6V15c0 .9-.7 1.6-1.6 1.6H1.6zm0-15.3c-.2 0-.3.1-.3.3V15c0 .2.1.3.3.3h20.7c.2 0 .3-.1.3-.3V1.6c0-.2-.1-.3-.3-.3H1.6z"
                              ></path>
                              <path
                                d="M22.4 16.4H1.6C.8 16.4.2 15.8.2 15V1.6C.2.8.8.2 1.6.2h20.7c.8 0 1.4.6 1.4 1.4V15c.1.8-.5 1.4-1.3 1.4zM1.6 1.2c-.3 0-.5.2-.5.5V15c0 .3.2.5.5.5h20.7c.3 0 .5-.2.5-.5V1.6c0-.3-.2-.5-.5-.5H1.6z"
                              ></path></svg
                          ></span>
                          to see your selected coupons.</span
                        >
                      </li>
                    </ul>
                    <div class="row">
                      <div class="col text-align-center">
                        <button
                          class="cta-primary"
                          data-tab-close=".remodal-ctc-help"
                          data-tabs-type="modal--with-header"
                        >
                          I understand
                        </button>
                      </div>
                    </div>
                  </div>
                </div>

                <script
                  defer="defer"
                  type="text/javascript"
                  src="./Deli &amp; Prepared Meals _ Metro_files/clip-to-card-action.js"
                ></script>
              </div>
            </div>
            <div>
              <!-- --------------Popup Chinese new year ---------------- --><!--<style>
* {
	box-sizing: border-box;
}
[class*="colintercept-"] {
	width: 100%;
	float: left;
	padding: 5px 10px!important;
}
.rowIntercept::after {
	content: "";
	clear: both;
	display: table;
}
.rowIntercept {
	max-width: 100%;
	margin: 0;
}
/* GRID COL STARTS HERE */

.colintercept-m-1 {
	width: 8.33%;
}
.colintercept-m-2 {
	width: 16.66%;
}
.colintercept-m-3 {
	width: 25%;
}
.colintercept-m-4 {
	width: 33.33%;
}
.colintercept-m-5 {
	width: 41.66%;
}
.colintercept-m-6 {
	width: 50%;
}
.colintercept-m-7 {
	width: 58.33%;
}
.colintercept-m-8 {
	width: 66.66%;
}
.colintercept-m-9 {
	width: 75%;
}
.colintercept-m-10 {
	width: 83.33%;
}
.colintercept-m-11 {
	width: 91.66%;
}
.colintercept-m-12 {
	width: 100%;
}
#ac-wrapper {
	position: fixed;
	top: 0;
	left: 0;
	width: 100%;
	height: 100%;
	background: rgba(0,0,0,0.75);
	opacity: 1;
	z-index: 1000;
	overflow-x: hidden;
	overflow-y: scroll;
}
#popupIntercept {
	background: none repeat scroll 0 0 #FFFFFF !important;
	opacity: 1 !important;
	height: auto;
	position: relative;
	width: 100%;
	text-align: center;
	z-index: 10 !important;
	padding: 10px;
	overflow: hidden;
	margin: 2% auto;
}
#popupIntercept .close {
	display: block;
	border: 0;
	position: absolute;
	top: 10px;
	right: 10px;
	cursor: pointer;
	font-size:22px!important;
	font-weight:bold!important;
	text-decoration:none;
}
#popupIntercept .close a {
		text-decoration:none!important;
}
#popupIntercept .close a:hover {
	Color:#ccc!important;
}

#popupIntercept .btnIntercept {
	margin: 10px auto;
	padding:0.95rem 2rem;
}

#popupIntercept .titre {
	text-align: center;
}

/* FORM CONTROL */

#popupIntercept .InterceptPromo {
	text-align: left;	
	font-size:8px;
	font-family: "roboto-regular","Arial","Helvetica","Sans-serif";
	font-style: italic;
}
#popupIntercept .InterceptDropDown {
	width: 100%;
	height:3.2rem;
	padding:5px;
	margin-bottom:0px;
	font-size:12px;
	font-family: "roboto-regular","Arial","Helvetica","Sans-serif";
	font-style: italic;
	}
.mainTitle {
    color: #000000;
    margin-top: 2rem;
    margin-bottom: 1rem;
    padding: 0 2rem;
	line-height:30px
	}
.subTitleInter {
	margin: 0 1rem 1rem 1rem;
    font-size: 14px;
    line-height: 16px;
	}	
.optIn-Intercept {
	font-size: 12px;
    line-height: 14px;
	margin-bottom:1rem;
	}

/**************/
/*  Tablette  */	
/**************/	
@media only screen and (min-width: 480px) {
.rowIntercept {
	max-width: 480px;
	margin: 0 auto;
}
#popupIntercept {

	padding: 20px;
}
}


/*************/
/*  Desktop  */	
/*************/
@media only screen and (min-width: 730px) {
#popupIntercept {
	margin: 10% auto 0 auto;
}
.mainTitle {
    margin-top: 2rem;
	line-height:3rem;
	margin-bottom:1rem;
	}
.subTitleInter {
	margin: 0 0 2rem 0;
    font-size: 1.6rem;
    line-height: 2rem;
	}

#popupIntercept .btnIntercept {
	margin: 20px auto;
	padding:1.30rem 2rem 1.26rem 2rem;
}

#popupIntercept .InterceptDropDown {
	height:3.2rem;
	font-size:12px;
	}
#popupIntercept .checkbox {
	margin-top:20px;
}
#popupIntercept .optIn-Intercept {
	font-size: 14px;
    line-height: 16px;
	margin-bottom:1rem;
	}
}

/*****************/
/*  Desktop 930  */	
/*****************/
@media only screen and (min-width: 930px) {
#ac-wrapper {
	overflow:hidden;
}
#popupIntercept {
	margin: 20% auto;
}
/*****************/
/*  Desktop 960  */	
/*****************/
@media only screen and (max-height: 960px) {
#ac-wrapper {
	overflow-y:scroll;
}
}

</style><div id="ac-wrapper" style='display:none;' onClick="hideNow(event)"><div class="rowIntercept"><div class="colintercept-m-12"><div id="popupIntercept" style="padding: 0; padding-bottom: 0px; height: 425px;"><div class="close"><a onClick="PopUp('hide')" style="color#000!important;">x</a></div><a href="/en/online-grocery/chinese-new-year-promo"><img src="/userfiles/image/epicerie-en-ligne/intercept/popup-chinese-new-year-en.jpg" style="max-width: 100%"></a></div></div></div></div><script>

   function PopUp(hideOrshow) 
   {

        if (hideOrshow === 'hide') 
		{
            document.getElementById('ac-wrapper').style.display = "none";
		}
        else if(getCookieIntercept('InterceptSumitted') !== "1" && hideOrshow === 'show') 
		{
			document.getElementById('ac-wrapper').removeAttribute('style');	
		}
	}
				
				
	window.onload = function ()
	{
		var isVisited = getCookieIntercept('InterceptVisited');
		var isSubmit = getCookieIntercept('InterceptSubmitted');
		var nbVisited = getCookieIntercept('nbVisited');
		if (nbVisited == "")
		{
			nbVisited = 0
		}
		if (isVisited != "1" && isSubmit != "1" && nbVisited <= 3 && !TINK.matchMediaMobile())
		{
			setTimeout(function () 
			{

				PopUp('show');
			}, 1000); /* back : 5000 */	
			
			nbVisited = parseInt(nbVisited) + 1;
			setCookieIntercept('nbVisited',nbVisited,1000);	
			setCookieIntercept('InterceptVisited', 1, 1);	
		}
		else 
		{
			PopUp('hide');	
		}
	}	

	function hideNow(e) 
	{
		if (e.target.id == 'ac-wrapper') 
		{
			document.getElementById('ac-wrapper').style.display = 'none';
			setCookie('InterceptVisited',1,1);		
		}
	}


	function setCookieIntercept(c_metroOnCookie, cvalue, exdays, nbvisite) 
	{
		var d = new Date();
		d.setTime(d.getTime() + (exdays*24*60*60*1000));
		var expires = "expires="+ d.toUTCString();
		document.cookie = c_metroOnCookie + "=" + cvalue + "; " + expires + "; path=/";
	}	
	
	function getCookieIntercept(c_metroOnCookie) {
    var metroOnCookie = c_metroOnCookie + "=";
    var ca = document.cookie.split(';');
    for(var i = 0; i <ca.length; i++) {
        var c = ca[i];
        while (c.charAt(0)==' ') {
            c = c.substring(1);
        }
        if (c.indexOf(c_metroOnCookie) == 0) {
            return c.substring(metroOnCookie.length,c.length);
        }
    }
    return "";
	}
	
	
</script>-->
            </div>
            <!-- --------------Popup Formulaire adhesion ---------------- --><style>
              * {
              	box-sizing: border-box;
              }

              [class*="colintercept-"] {
              	width: 100%;
              	float: left;
              	padding: 5px 10px!important;
              }
              .rowIntercept::after {
              	content: "";
              	clear: both;
              	display: table;
              }
              .rowIntercept {
              	max-width: 100%;
              	margin: 0;
              }
              /* GRID COL STARTS HERE */

              .colintercept-m-1 {
              	width: 8.33%;
              }
              .colintercept-m-2 {
              	width: 16.66%;
              }
              .colintercept-m-3 {
              	width: 25%;
              }
              .colintercept-m-4 {
              	width: 33.33%;
              }
              .colintercept-m-5 {
              	width: 41.66%;
              }
              .colintercept-m-6 {
              	width: 50%;
              }
              .colintercept-m-7 {
              	width: 58.33%;
              }
              .colintercept-m-8 {
              	width: 66.66%;
              }
              .colintercept-m-9 {
              	width: 75%;
              }
              .colintercept-m-10 {
              	width: 83.33%;
              }
              .colintercept-m-11 {
              	width: 91.66%;
              }
              .colintercept-m-12 {
              	width: 100%;
              }


              #ac-wrapper {
              	position: fixed;
              	top: 0;
              	left: 0;
              	width: 100%;
              	height: 100%;
              	background: rgba(0,0,0,0.75);
              	opacity: 1;
              	z-index: 1000;
              	overflow-x: hidden;
              	overflow-y: scroll;
              }

              #popupIntercept {
              	background: none repeat scroll 0 0 #FFFFFF !important;
              	opacity: 1 !important;
              	height: auto;
              	position: relative;
              	width: 100%;
              	text-align: center;
              	z-index: 10 !important;
              	padding: 10px;
              	overflow: hidden;
              	margin: 2% auto;
              }

              #popupIntercept .close {
              	display: block;
              	border: 0;
              	position: absolute;
              	top: 10px;
              	right: 10px;
              	cursor: pointer;
              	font-size:22px!important;
              	font-weight:bold!important;
              	text-decoration:none;
              }

              #popupIntercept .close a {
              		text-decoration:none!important;
              }

              #popupIntercept .close a:hover {
              	Color:#ccc!important;
              }

              #popupIntercept .checkbox {
              	text-align: left;
              	margin-top:10px;
              	margin-left:10px;
              }

              #popupIntercept .check {
              	text-align: left !important;
              	font-size:10px !important;
              	line-height:11px;
              	margin: 0 20px 0 40px;
              	list-style-image : url(/userfiles/image/intercept/check.png);
              	list-style:none;
              }

              #popupIntercept .check li {
              position:relative;
              }

              #popupIntercept .check li:before {
              	background-image:url(/userfiles/image/intercept/check.png);
              	background-repeat:no-repeat;
              	width:15px;
              	height:15px;
              	content: "";
              	position:absolute;
              	top:2px;
              	left:-15px;
              }

              #popupIntercept .checkbox input[type="checkbox"] {
              	opacity: 1 !important;
              }

              #popupIntercept .btnIntercept {
              	margin: 10px auto;
              	padding:0.95rem 2rem;
              }

              .error1 {
              	font-size: 10px;
                  font-weight: bold;
                  padding: 0 20px;
                  margin-bottom: 0.4rem;
              	color:#E32119;
              }

              .error2 {
              	font-size: 10px;
                  font-weight: bold;
                  padding: 0 10px;
                  margin-bottom: 0.3rem;
              	color:#E32119;
              	text-align:left;
              }

              .error3 .DialogInsightErrorContents {
              	font-size: 10px;
                  font-weight: bold;
                  padding: 0;
                  margin-bottom: 0.3rem;
              	color:#E32119;
              	text-align:left;
              }

              #popupIntercept .titre {
              	text-align: center;
              }

              /* FORM CONTROL */

              #popupIntercept .mail {
              	width: 100%;
              	height:3.2rem;
              	padding:5px;
              	margin-bottom:0px;
              	font-size:12px;
              	font-family: "roboto-regular","Arial","Helvetica","Sans-serif";
              	font-style: italic;
              }

              #popupIntercept .cp {
              	width: 100%;
              	height:3.2rem;
              	padding:5px;
              	margin-bottom:0px;
              	font-size:12px;
              	font-family: "roboto-regular","Arial","Helvetica","Sans-serif";
              	font-style: italic;
              }

              #popupIntercept .InterceptPromo {
              	text-align: left;
              	font-size:8px;
              	font-family: "roboto-regular","Arial","Helvetica","Sans-serif";
              	font-style: italic;
              }

              #popupIntercept .InterceptDropDown {
              	width: 100%;
              	height:3.2rem;
              	padding:5px;
              	margin-bottom:0px;
              	font-size:12px;
              	font-family: "roboto-regular","Arial","Helvetica","Sans-serif";
              	font-style: italic;
              	}

              .mainTitle {
                  color: #000000;
                  margin-top: 2rem;
                  margin-bottom: 1rem;
                  padding: 0 2rem;
              	line-height:30px
              	}

              .subTitleInter {
              	margin: 0 1rem 1rem 1rem;
                  font-size: 14px;
                  line-height: 16px;
              	}

              .optIn-Intercept {
              	font-size: 12px;
                  line-height: 14px;
              	margin-bottom:1rem;
              	}

              /**************/
              /*  Tablette  */
              /**************/


              @media only screen and (min-width: 480px) {
              .rowIntercept {
              	max-width: 500px;
              	margin: 0 auto;
              }

              #popupIntercept {
              	padding: 20px;
              }
              }


              /*************/
              /*  Desktop  */
              /*************/


              @media only screen and (min-width: 730px) {

              #popupIntercept {
              	margin: 10% auto 0 auto;
              }

              .mainTitle {
                  margin-top: 2rem;
              	line-height:3rem;
              	margin-bottom:1rem;
              	}

              .subTitleInter {
              	margin: 0 0 2rem 0;
                  font-size: 1.6rem;
                  line-height: 2rem;
              	}

              .error1 {
              	font-size: 12px;
                  font-weight: bold;
                  padding: 0 20px;
                  margin-bottom: 1rem;
              	color:#E32119;
              }

              .error2 {
                  margin-bottom: 0.3rem;
              }

              .error3 .DialogInsightErrorContents {
                  margin-bottom: 0.3rem;
              }

              #popupIntercept .btnIntercept {
              	margin: 20px auto;
              	padding:1.30rem 2rem 1.26rem 2rem;
              }

              #popupIntercept.mail {
              	height:3.2rem;
              	font-size:12px;
              	font-family: "roboto-regular","Arial","Helvetica","Sans-serif";
              	font-style: italic;
              }

              #popupIntercept.cp {
              	height:3.2rem;
              	font-size:12px;
              	font-family: "roboto-regular","Arial","Helvetica","Sans-serif";
              	font-style: italic;
              }

              #popupIntercept .InterceptDropDown {
              	height:3.2rem;
              	font-size:12px;
              	}

              #popupIntercept .checkbox {
              	margin-top:20px;
              }

              #popupIntercept .check {
              	font-size:11px !important;
              	line-height:13px;
              }

              #popupIntercept .optIn-Intercept {
              	font-size: 14px;
                  line-height: 16px;
              	margin-bottom:1rem;
              	}
              }

              /*****************/
              /*  Desktop 930  */
              /*****************/

              @media only screen and (min-width: 930px) {

              #ac-wrapper {
              	overflow:hidden;
              }

              #popupIntercept {
              	margin: 20% auto;
              }


              /*****************/
              /*  Desktop 960  */
              /*****************/

              @media only screen and (max-height: 960px) {
              #ac-wrapper {
              	overflow-y:scroll;
              }
              }
            </style>
            <div id="ac-wrapper" style="display: none" onclick="hideNow(event)">
              <div class="rowIntercept">
                <div class="colintercept-m-12">
                  <!--POP UP INTERCEPT-->
                  <div id="popupIntercept">
                    <!--DIALOGE-->
                    <div
                      class="DialogInsightFormDiv"
                      id="divForm_DIForm_624_4101"
                      style=""
                    >
                      <a name="divForm_DIForm_624_4101_globalErrors_anchor"></a>
                      <div
                        class="DialogInsightGlobalErrors error1"
                        id="divForm_DIForm_624_4101_globalErrors"
                      ></div>
                      <div class="close">
                        <!--<img src="/userfiles/image/intercept/close.png" onClick="PopUp('hide')"> --><a
                          onclick="PopUp(&#39;hide&#39;)"
                          style="color#000!important;"
                          >x</a
                        >
                      </div>
                      <!-- FORMULAIRE -->
                      <div class="DialogInsightFormContainer">
                        <h1 class="mainTitle fs-30">
                          Stay in contact with&nbsp;Metro
                        </h1>
                        <h3 class="subTitleInter">
                          Receive special offers, recipe ideas and&nbsp;more!
                        </h3>
                        <!-- rowIntercept 1 -->
                        <div class="DialogInsightFormrowIntercept">
                          <div class="DialogInsightInputContainer">
                            <div
                              class="DialogInsightErrorContainer error2"
                              id="DIField_4101_f_EMail_errors"
                            ></div>
                            <div
                              class="DialogInsightInputWithPlaceholderContainer rowIntercept"
                            >
                              <span
                                unselectable="on"
                                class="DialogInsightInputPlaceholderText"
                              ></span>
                              <div class="colintercept-m-12">
                                <input
                                  class="mail DialogInsightFormInput DialogInsightInputWithPlaceholder"
                                  type="text"
                                  id="DIField_4101_f_EMail"
                                  maxlength="125"
                                  placeholder="Enter your email address"
                                />
                              </div>
                            </div>
                          </div>
                        </div>
                        <!-- END rowIntercept 1 --><!-- rowIntercept 2 -->
                        <div class="DialogInsightFormrowIntercept">
                          <div class="DialogInsightInputContainer">
                            <div class="rowIntercept">
                              <div class="colintercept-m-6">
                                <select
                                  class="DialogInsightFormInput InterceptDropDown"
                                  id="DIField_4101_f_Langue"
                                >
                                  <option value="EN" selected="">EN</option>
                                  <option value="FR">FR</option>
                                </select>
                                <div
                                  class="DialogInsightErrorContainer error2"
                                  id="DIField_4101_f_Langue_errors"
                                ></div>
                              </div>
                              <div class="colintercept-m-6">
                                <div
                                  class="DialogInsightInputWithPlaceholderContainer"
                                >
                                  <input
                                    value=""
                                    type="text"
                                    class="cp DialogInsightFormInput DialogInsightInputWithPlaceholder"
                                    id="DIField_4101_f_PostalCode"
                                    maxlength="6"
                                    placeholder="Postal Code"
                                  />
                                </div>
                                <div
                                  class="DialogInsightErrorContainer error3"
                                  id="DIField_4101_f_PostalCode_errors"
                                ></div>
                              </div>
                            </div>
                          </div>
                        </div>
                        <!-- CODE SOURCE -->
                        <div class="DialogInsightFormRow" style="display: none">
                          <div class="DialogInsightInputContainer">
                            <div
                              class="DialogInsightInputWithPlaceholderContainer PlaceholderInputHasText"
                            >
                              <span
                                unselectable="on"
                                class="DialogInsightInputPlaceholderText"
                                >Source</span
                              ><input
                                value="intercept-ecomm"
                                type="text"
                                class="DialogInsightFormInput DialogInsightInputWithPlaceholder"
                                id="DIField_4101_f_source"
                                maxlength="30"
                              />
                            </div>
                            <div
                              class="DialogInsightErrorContainer"
                              id="DIField_4101_f_source_errors"
                            ></div>
                            <div class="colintercept-m-6">
                              <select
                                class="DialogInsightFormInput InterceptDropDown"
                                id="DIField_4101_f_Province"
                              >
                                <option value="QC" selected="">QC</option>
                                <option value="ON">ON</option>
                              </select>
                            </div>
                            <div
                              class="DialogInsightErrorContainer error3"
                              id="DIField_4101_f_Province_errors"
                            ></div>
                          </div>
                        </div>
                        <!-- END rowIntercept 2 --><!-- rowIntercept 3 -->
                        <div class="DialogInsightFormrowIntercept">
                          <div class="DialogInsightInputContainer error3">
                            <div class="checkbox">
                              <div
                                class="DialogInsightErrorContainer"
                                id="DIField_4101_f_optin_errors"
                              ></div>
                              <input
                                type="checkbox"
                                class="DialogInsightFormInput"
                                id="DIField_4101_f_optin"
                                style="float: left; margin-bottom: 2rem"
                              /><label
                                class="optIn-Intercept"
                                for="DIField_4101_f_optin"
                                style="
                                  display: block !important;
                                  margin-left: 25px;
                                "
                                >I would like to receive metro.ca newsletter
                                which includes:
                              </label>
                              <ul class="check">
                                <li>
                                  recipe ideas including a weekly menu based on
                                  flyer specials
                                </li>
                                <li>nutritional information</li>
                                <li>special offers &amp; promotions and</li>
                                <li>
                                  information on our products and services.
                                </li>
                              </ul>
                            </div>
                          </div>
                        </div>
                        <!-- END rowIntercept 3 --><!-- SUBMIT BTN -->
                        <div class="DialogInsightFormSubmit">
                          <input
                            class="btn--red btnIntercept"
                            type="submit"
                            value="Subscribe"
                            onclick="DI.Forms.Optin.Client.GetOptinForm(&#39;DIForm_624_4101&#39;).Submit(this); setCookieIntercept(&#39;InterceptSubmitted&#39;,1,1000); return false;"
                          />
                        </div>
                        <!--div class="InterceptPromo"><p><img alt="" src="/userfiles/image/intercept/banniere-intercept-10-dollars-en.jpg" style="width: 420px; height: 196px;"/></br></p><p>*Offer only valid for transactions completed online on metro.ca for new users of the online service making their first transaction (submitted, paid, delivered, or picked up) starting on May 16, until supplies last. When you order online, get a free product gift basket valued at approximately $35 (taxes not included). Online orders: Minimum $50 purchase required. Varies according to products available in store. Quebec residents only. This offer cannot be redeemed for cash or transferred. No m points will be accumulated on free products. Subject to the <a href="/en/conditions-of-use" target="_blank">Terms of use</a> online shopping on metro.ca. Assembly and delivery fees not included. Delivery offered in defined areas. Pick up available in participating stores. Some products are not available online. Details at <a href="/en/online-grocery/launchpromo" target="_blank">metro.ca.</a></p></div--><!-- END SUBMIT BTN -->
                      </div>
                      <div
                        class="DialogInsightFormSuccessDiv"
                        id="divForm_DIForm_624_4101_success"
                        style="padding: 0px; display: none"
                      >
                        <h1 class="mainTitle fs-30">Congratulations!</h1>
                        <h2 class="subTitleInter">
                          Your subscription to metro.ca newsletter is complete!
                        </h2>
                        <input
                          class="btn--red btnIntercept"
                          type="submit"
                          value="Close"
                          onclick="PopUp(&#39;hide&#39;)"
                        />
                      </div>
                      <!-- END FORMULAIRE -->
                    </div>
                    <!--END DIALOGE-->
                  </div>
                  <!--END POP UP INTERCEPT-->
                </div>
              </div>
            </div>
            <script>
              function PopUp(hideOrshow) {
                if (hideOrshow === "hide") {
                  document.getElementById("ac-wrapper").style.display = "none";
                } else if (
                  getCookieIntercept("InterceptSumitted") !== "1" &&
                  hideOrshow === "show"
                ) {
                  document
                    .getElementById("ac-wrapper")
                    .removeAttribute("style");
                }
              }

              window.onload = function () {
                var isVisited = getCookieIntercept("InterceptVisited");
                var isSubmit = getCookieIntercept("InterceptSubmitted");
                var nbVisited = getCookieIntercept("nbVisited");

                if (nbVisited == "") {
                  nbVisited = 0;
                }
                if (isVisited != "1" && isSubmit != "1" && nbVisited <= 3) {
                  setTimeout(function () {
                    PopUp("show");
                  }, 1000); /* back : 5000 */

                  nbVisited = parseInt(nbVisited) + 1;
                  setCookieIntercept("nbVisited", nbVisited, 1000);
                  setCookieIntercept("InterceptVisited", 1, 1);
                } else {
                  PopUp("hide");
                }
              };

              function hideNow(e) {
                if (e.target.id == "ac-wrapper") {
                  document.getElementById("ac-wrapper").style.display = "none";
                  setCookie("InterceptVisited", 1, 1);
                }
              }

              function setCookieIntercept(cname, cvalue, exdays, nbvisite) {
                var d = new Date();
                d.setTime(d.getTime() + exdays * 24 * 60 * 60 * 1000);
                var expires = "expires=" + d.toUTCString();
                document.cookie =
                  cname + "=" + cvalue + "; " + expires + "; path=/";
              }

              function getCookieIntercept(cname) {
                var name = cname + "=";
                var ca = document.cookie.split(";");
                for (var i = 0; i < ca.length; i++) {
                  var c = ca[i];
                  while (c.charAt(0) == " ") {
                    c = c.substring(1);
                  }
                  if (c.indexOf(name) == 0) {
                    return c.substring(name.length, c.length);
                  }
                }
                return "";
              }
            </script>
            <script src="./Deli &amp; Prepared Meals _ Metro_files/DI.Forms.Optin-package-1.0.min.js"></script>
            <script>
              DI.Forms.Optin.Dom.onReady(function () {
                DI.Forms.Optin.Client.InitOptinForm({
                  formIdent: "DIForm_624_4101",
                  culture: "fr-CA",
                  idBaseDiv: "divForm_DIForm_624_4101",
                  recaptchaSiteKey: "",
                  fields: [
                    {
                      name: "f_EMail",
                      lbl: "Email",
                      id: "DIField_4101_f_EMail",
                      validators: ["required", "email"],
                    },
                    {
                      name: "f_Langue",
                      lbl: "Langue",
                      id: "DIField_4101_f_Langue",
                      validators: ["required"],
                      inputType: "select",
                    },
                    {
                      name: "f_Province",
                      lbl: "Province",
                      id: "DIField_4101_f_Province",
                      validators: [],
                      inputType: "select",
                    },
                    {
                      name: "f_PostalCode",
                      lbl: "postal code",
                      id: "DIField_4101_f_PostalCode",
                      validators: ["required"],
                    },
                    {
                      name: "f_optin",
                      lbl: "Opt-in",
                      id: "DIField_4101_f_optin",
                      validators: ["required"],
                      inputType: "checkbox",
                    },
                    {
                      name: "f_source",
                      lbl: "Source",
                      id: "DIField_4101_f_source",
                      validators: [],
                    },
                  ],
                  fieldValues: { f_optin: 0, f_source: "intercept-ecomm" },
                  fieldValues: { f_optin: 0 },
                  errorMessages: {
                    general: "Error in the form.",
                    required: "The {0} is required.",
                    dataType: "Invalid type of data for the field {0}.",
                    min: "The minimum value for the field {0} is {1}.",
                    max: "The maximum value for the field {0} is {1}.",
                    interval:
                      "The value for the field {0} must be between {1} and {2}.",
                    inputMask:
                      "Email address must have the format name@domain.com.",
                    updateDupeKey:
                      "The update could not be completed because this ID already exists.",
                    checkInlineErrors: "Please correct the errors below.",
                  },
                  idSuccessDiv: "divForm_DIForm_624_4101_success",
                  mode: DI.Forms.Optin.Client.EnumOptinMode.Optin,
                  url: "//app.dialoginsight.com/A/WF.ashx",
                  idWorkflow: 4631,
                  wfKey: "0spt9F",
                  nodeKey: "Optin",
                  visible: true,
                });
              });
            </script>
          </div>
        </div>
        <div class="clearfix"></div>
      </div>
      <div id="legalNotice" class="grid--container">
        <div class="ageConsentNotice mb-4 hide">
          <span
            >Under the law, you must be 18 or over to purchase alcohol products
            and lottery tickets. The person receiving the delivery or picking up
            the order must be 18 years or over and present a valid proof of
            identification with picture, in accordance with the law. In case a
            valid proof of identification with picture is not presented, Metro
            will refuse to deliver or provide the alcohol products and/or
            lottery tickets.</span
          >
        </div>
        <div class="layout--mini-template">
          <div>
            <div
              class="accordion--standalone accordion--preview mt-4 accordion-default-is_initialized"
              data-accordion-preview="true"
              data-feature="accordion-default"
            >
              <div class="accordion--text--preview" style="">
                <h2>Deli</h2>
                <p>
                  Want to prepare a special treat for yourself or guests?
                  Metroâs deli section has everything you need to assemble a
                  wonderful <span class="roboto-bold">meat platter</span> or
                  <span class="roboto-bold">cold buffet</span>. For a huge
                  get-together with friends, a dinner party, pizza night, or
                  packing the kidsâ lunch boxes with tasty foods, check out our
                  meat spreads, pÃ¢tÃ©s, and charcuterie in our deli section.
                  High-quality products and smiles guaranteed.
                </p>
                <p>
                  Deli meat, cold cuts, charcuterieâ¦ whatever terms you use, it
                  all comes down to a delicious tradition that some view as an
                  artform. Imagine a huge table laden with
                  <span class="roboto-bold">cold cuts</span> such as salami,
                  turkey, smoked meat, pastrami, capicola, to name but a few. We
                  could go on, but weâd be here for a while! The options
                  available come from across the globe. Metro also offers
                  delicious terrines, rillettes, mousses, and foie gras!
                </p>
                <p>
                  Epicureans â along with those who donât really like to cook â
                  know they can find products they love in our
                  <span class="roboto-bold">deli section</span>, including fine
                  foods at an affordable price. Something to keep in mind the
                  next time you serve a plate of antipasti. We guarantee it will
                  soon be empty! These options are perfect if you want a break
                  from the oven or are looking for something to serve with happy
                  hour. For instance, a lovely bowl of olives and some canapÃ©s
                  will always be immensely appreciated. Our deli section has
                  everything you need for enjoyable moments with loved ones!
                </p>
                <p>
                  Products in our deli section can also be used to create
                  satisfying, hearty recipes without having to spend hours on
                  end at the stove. Theyâre a great way to help you appreciate
                  the simple things in life! Hungry for more?
                  <a
                    href="https://www.metro.ca/en/products-to-discover/deli/deli-guide"
                    >Discover tips from our deli experts, explore new products,
                    and get inspired by beautiful ideas for charcuterie
                    platters.</a
                  >
                </p>
              </div>
              <button
                class="toggle-preview--btn btn--active cta-link"
                data-action="toggle-accordion"
                aria-expanded="true"
              >
                See more
              </button>
              <button
                class="toggle-preview--btn cta-link"
                data-action="toggle-accordion"
                aria-expanded="true"
              >
                See less
              </button>
            </div>
          </div>
          <div>
            <!--p>&nbsp;</p><p>*Offer valid only for completed online transactions on metro.ca (submitted, paid and delivered or picked up) starting November 28, 2016 until December 12, 2016 or until quantities last. Receive a free gift bag containing 3 Irresistibles branded products of a value of around $10. Products may vary according to variety available in store. Quebec residents only. This offer is not transferable and has no cash value. No m points will be granted on free products. Subject to the Conditions of use of metro.ca&#39;s ecommerce site.</p><p>&nbsp;</p-->
          </div>
          <p style="text-align: center">&nbsp;</p>
          <p>
            Prices subject to change, depending on your order pickup or delivery
            date and current promotions.
          </p>
          <p>&nbsp;</p>
        </div>
      </div>
      <div id="content" class="internal withmenu">
        <div class="primary"><div class="layout--mini-template"></div></div>
        <div class="clearfix"></div>
      </div>
      <footer class="page-footer">
        <div id="footer-sticky-sac" class="footer-sticky--sac">
          <div id="fs-sac-button" class="fs-sac--number">
            <div class="fs-sac--content">
              <img
                src="./Deli &amp; Prepared Meals _ Metro_files/open-sac.svg"
                class="footer-icons--top open-sac"
              /><img
                src="./Deli &amp; Prepared Meals _ Metro_files/close-sac.svg"
                class="footer-icons--top close-sac"
                style="display: none"
              /><span tabindex="0" class="invisible-text"
                >Call us at1-844-777-7611</span
              >
            </div>
          </div>
          <div id="info-sac-number" class="fs-sac--info">
            <div class="info-sac--title">Need help?</div>
            <div class="info-sac--content">
              <div>Call us at</div>
              <div class="fs-sac--info--tel"><div>1-844-777-7611</div></div>
            </div>
          </div>
        </div>
        <div class="footer-top">
          <div
            class="d-flex w-100 grid-container--full-mobile grid-container-medium"
          >
            <div class="ft__info">
              <div class="ft__i__link">
                <p>
                  <a
                    data-ga-id="footer-nav-top-cta"
                    class="footer-change-lang--link js-change-my-language"
                    href="https://www.metro.ca/epicerie-en-ligne/allees/charcuteries-et-plats-prepares"
                    ><span class="ft__i__icon except-mobile">
                      <svg class="footer-icons--top change-lang-icon">
                        <use xlink:href="#shared--small--icons--world"></use>
                      </svg> </span
                    ><span>FR</span></a
                  >
                </p>
              </div>
              <div class="ft__i__link">
                <p>
                  <a
                    data-ga-id="footer-nav-top-cta"
                    href="https://www.metro.ca/en/faq/online-order"
                    ><span class="ft__i__icon except-mobile">
                      <svg class="footer-icons--top">
                        <use
                          xlink:href="#shared--small--icons--questionmark"
                        ></use>
                      </svg> </span
                    ><span>FAQ</span></a
                  >
                </p>
              </div>
              <div class="ft__i__link">
                <!-- T4286-9309 remove with RPM9 --><style>
                  .header-wrapper .ht__grocery-type a svg {
                    width: 100%;
                  }</style
                ><style>
                  /* -------------------------------------------- */
                  /* BOUTON Ãconomisez Gros  */
                  /* -------------------------------------------- */
                  .header-wrapper
                    .header__main
                    .main__nav--container
                    .nav--container__navigation
                    .navigation__btn[data-menu-name="ÃCONOMISEZ GROS"],
                  .header-wrapper
                    .header__main
                    .main__nav--container
                    .nav--container__navigation
                    .navigation__btn[data-menu-name="SAVE BIG"] {
                    padding-right: 50px;
                    position: relative;
                    z-index: 0;
                    background: #fff;
                    padding: 15px 60px 15px 20px;
                    background: url("/userfiles/image/footer/BoutonBigMenu/economisez-gros/btn-SaveBig-bg-v2.png")
                      no-repeat transparent;
                    background-size: cover;
                    border-right: 0;
                    white-space: nowrap;
                    margin-bottom: 10px;
                    box-shadow: rgba(66, 81, 92, 0.12) 0px 0px 1px 0px,
                      rgba(66, 81, 92, 0.05) 0px 2px 2px 0px,
                      rgba(66, 81, 92, 0.05) 0px 4px 4px 0px,
                      rgba(66, 81, 92, 0.05) 0px 8px 8px 0px,
                      rgba(66, 81, 92, 0.05) 0px 16px 16px 0px;
                    border-radius: 8px;
                  }
                  .header-wrapper
                    .header__main
                    .main__nav--container
                    .nav--container__navigation
                    .navigation__btn[data-menu-name="ÃCONOMISEZ GROS"]:before,
                  .header-wrapper
                    .header__main
                    .main__nav--container
                    .nav--container__navigation
                    .navigation__btn[data-menu-name="SAVE BIG"]:before {
                    content: "";
                    position: absolute;
                    top: 10px;
                    left: 10px;
                    right: 50px;
                    bottom: 10px;
                    z-index: -1;
                    background: #fff;
                  }
                  .header-wrapper
                    .header__main
                    .main__nav--container
                    .nav--container__navigation
                    .navigation__btn[data-menu-name="ÃCONOMISEZ GROS"]:after,
                  .header-wrapper
                    .header__main
                    .main__nav--container
                    .nav--container__navigation
                    .navigation__btn[data-menu-name="SAVE BIG"]:after {
                    background: url("/userfiles/image/footer/BoutonBigMenu/economisez-gros/btn-SaveBig-icon-v2.png")
                      no-repeat #fff;
                    position: absolute;
                    top: 0;
                    right: -1px;
                    bottom: 0;
                    width: 40px;
                    content: "";
                    background-size: 40px auto;
                    background-position: center;
                    -webkit-transition: all 0.5s ease;
                    -moz-transition: all 0.5s ease;
                    -ms-transition: all 0.5s ease;
                    -o-transition: all 0.5s ease;
                    transition: all 0.5s ease;
                    border-radius: 0 8px 8px 0;
                  }
                  .header-wrapper
                    .header__main
                    .main__nav--container
                    .nav--container__navigation
                    .navigation__btn[data-menu-name="ÃCONOMISEZ GROS"]:hover:after,
                  .header-wrapper
                    .header__main
                    .main__nav--container
                    .nav--container__navigation
                    .navigation__btn[data-menu-name="SAVE BIG"]:hover:after {
                    animation-name: sucre;
                    animation-duration: 0.6s;
                    animation-timing-function: ease-out;
                  }

                  /* The animation code */
                  @keyframes sucre {
                    from {
                      background-position: center 50px;
                    }
                    to {
                      background-position: center;
                    }
                  }

                  @media only screen and (max-width: 1199px) {
                    .header-wrapper
                      .header__main
                      .main__nav--container
                      .nav--container__navigation
                      .navigation__btn[data-menu-name="ÃCONOMISEZ GROS"],
                    .header-wrapper
                      .header__main
                      .main__nav--container
                      .nav--container__navigation
                      .navigation__btn[data-menu-name="SAVE BIG"] {
                      margin: 3px 0;
                      padding-top: 18px;
                      padding-bottom: 18px;
                    }
                  }</style
                ><style>
                  /*FIX FOOTER FONT SIZE*/
                  .page-footer .footer-top .ft__info .ft__i__link a span {
                    font-size: 1.4rem !important;
                  }
                </style>
                <p>
                  <script>
                    $(document).ready(function () {
                      var $linkBioQc = $(
                        'a.dataLayerBigMenuLevelThree[href$="/en/my-health-my-choices/organic"][data-child-menu-name="Bio"]'
                      );
                      var $linkOrganicOn = $(
                        'a.dataLayerBigMenuLevelThree[href$="/en/my-health-my-choices/organic"][data-child-menu-name="Organic"]'
                      );
                      if (
                        $linkOrganicOn &&
                        typeof isMetroEtMoi !== "undefined" &&
                        isMetroEtMoi
                      ) {
                        $linkOrganicOn.parent().hide();
                      } else if ($linkBioQc) {
                        $linkBioQc.parent().hide();
                      }
                    });
                  </script>
                </p>
                <div>
                  <p>
                    <script>
                      $(document).ready(function () {
                        var $linkPlantBased = $(
                          'a.dataLayerBigMenuLevelThree[href$="/en/my-health-my-choices/plant-based"]'
                        );

                        if (
                          $linkPlantBased &&
                          typeof isMetroEtMoi !== "undefined" &&
                          isMetroEtMoi
                        ) {
                          $linkPlantBased.parent().hide();
                        }
                      });

                      $(document).ready(function () {
                        var $linkdairy = $(
                          'a.dataLayerBigMenuLevelThree[href$="/en/products-to-discover/grocery/dairy-product"]'
                        );

                        if (
                          $linkdairy &&
                          typeof isMetroEtMoi !== "undefined" &&
                          isMetroEtMoi
                        ) {
                          $linkdairy.parent().hide();
                        }
                      });

                      $(document).ready(function () {
                        var $calendrier = $(
                          'a.dataLayerBigMenuLevelThree[href$="/en/recipes-occasions/special-features/liberty-village-calendar"]'
                        );

                        if (
                          $calendrier &&
                          typeof isMetroEtMoi !== "undefined" &&
                          isMetroEtMoi
                        ) {
                          $calendrier.parent().hide();
                        }
                      });

                      $(document).ready(function () {
                        var $tasteHolydays = $(
                          'a.dataLayerBigMenuLevelThree[href$="/en/recipes-occasions/special-occasions/my-taste-of-the-holidays"]'
                        );

                        if (
                          $tasteHolydays &&
                          typeof isMetroEtMoi !== "undefined" &&
                          isMetroEtMoi
                        ) {
                          $tasteHolydays.parent().hide();
                        }
                      });

                      $(document).ready(function () {
                        var $paradeNoeal = $(
                          'a.dataLayerBigMenuLevelThree[href$="/en/recipes-occasions/special-occasions/happy-holidays/santa-claus-parade"]'
                        );

                        if (
                          $paradeNoeal &&
                          typeof isMetroEtMoi !== "undefined" &&
                          isMetroEtMoi
                        ) {
                          $paradeNoeal.parent().hide();
                        }
                      });
                    </script>
                  </p>
                </div>
                <style>
                  .product-info .pi--prices a {
                    display: none;
                  }

                  .autocomplete--result--container
                    .item-addToCart[data-product-code="778313053555"]
                    .tile-product__bottom-section__pricing__main-price
                    div {
                    display: none !important;
                  }

                  .autocomplete--result--container
                    .item-addToCart[data-product-code="778313053555"]
                    .tile-product__bottom-section__pricing__main-price::after {
                    content: "Gratuit Ã  lâachat de produits participants.";
                    display: block;
                    margin: -1rem 0 0 0;
                    font-family: "roboto-bold", "Arial", "Helvetica",
                      "Sans-serif";
                    font-size: 1.6rem;
                    color: #656565;
                    width: calc(100% - 2rem);
                  }

                  .autocomplete--result--container
                    .item-addToCart[data-product-code="778313053555"]
                    .tile-product__bottom-section__pricing__main-price:lang(
                      en-CA
                    )::after {
                    content: "Free with the purchase of participating items.";
                  }
                </style>
                <script>
                  // CHANGE PRICE TEXT EN

                  $(
                    ".item-addToCart[data-product-code='778313053555'] .pi--prices"
                  ).html(
                    '<p class="fs-16 roboto-bold color-dove-gray">Free with the purchase of participating items. <a href="/en/online-grocery/aisles/magazines/magazines/m-c-est-moi-magazine/p/778313053555">Click here for details</a>.</p>'
                  );

                  $(
                    ".item-addToCart[data-product-code='778313053555'] .tile-product__bottom-section__pricing__main-price"
                  ).html(
                    '<p class="fs-16 roboto-bold color-dove-gray">Free with the purchase of participating items. <a href="/en/online-grocery/aisles/magazines/magazines/m-c-est-moi-magazine/p/778313053555">Click here for details</a>.</p>'
                  );
                </script>
                <p>
                  <style type="text/css">
                    @media only screen and (min-width: 730px) {
                      .ie .modal-add-to-cart-other-flavours {
                        bottom: auto !important;
                      }
                    }
                  </style>
                </p>
                <p>
                  <a
                    data-ga-id="footer-nav-top-cta"
                    href="https://www.metro.ca/en/find-a-grocery"
                    ><span class="ft__i__icon except-mobile"
                      ><img
                        class="footer-icons--top"
                        src="./Deli &amp; Prepared Meals _ Metro_files/pin--white.svg" /></span
                    ><span>Find a store</span></a
                  >
                </p>
              </div>
              <div class="ft__i__link">
                <style type="text/css">
                  .theme-online-grocery .footer-link-online-grocery-only {
                    display: block !important;
                  }

                  .theme-online-grocery .footer-link-not-for-ecomm {
                    display: none !important;
                  }
                </style>
                <p
                  class="footer-link-online-grocery-only"
                  style="display: none"
                >
                  <a
                    data-ga-id="footer-nav-top-cta"
                    href="https://www.metro.ca/en/online-grocery/help-center"
                    ><span class="ft__i__icon except-mobile"
                      ><img
                        class="footer-icons--top"
                        src="./Deli &amp; Prepared Meals _ Metro_files/help-center.svg" /></span
                    ><span>Help Center</span></a
                  >
                </p>
                <p class="footer-link-not-for-ecomm">
                  <a
                    data-ga-id="footer-nav-top-cta"
                    href="https://www.metro.ca/en/help-center"
                    ><span class="ft__i__icon except-mobile"
                      ><img
                        class="footer-icons--top"
                        src="./Deli &amp; Prepared Meals _ Metro_files/help-center(1).svg" /></span
                    ><span>Help Center</span></a
                  >
                </p>
              </div>
            </div>
            <div class="ft__social">
              <div>
                <p>
                  <a
                    data-ga-id="footer-nav-top-cta"
                    href="https://www.facebook.com/metromonepicier"
                    target="_blank"
                    ><img
                      alt="Visit our Facebook Page"
                      class="inline-block"
                      src="./Deli &amp; Prepared Meals _ Metro_files/facebook--white.svg"
                  /></a>
                </p>
                <p>
                  <a
                    data-ga-id="footer-nav-top-cta"
                    href="https://www.instagram.com/metromonepicier/"
                    target="_blank"
                    ><img
                      alt="Visit our Instagram"
                      class="inline-block"
                      src="./Deli &amp; Prepared Meals _ Metro_files/instagram--white.svg"
                  /></a>
                </p>
                <p>
                  <a
                    data-ga-id="footer-nav-top-cta"
                    href="https://www.youtube.com/user/Metromonepicier"
                    target="_blank"
                    ><img
                      alt="Visit our YouTube Channel"
                      class="inline-block"
                      src="./Deli &amp; Prepared Meals _ Metro_files/youtube--white.svg"
                  /></a>
                </p>
              </div>
            </div>
          </div>
        </div>
        <div
          class="footer--main grid-container--full-mobile grid-container-medium d-lg-flex justify-content-lg-between"
        >
          <div class="fm--left">
            <div class="fm--nav mb-8">
              <div
                aria-expanded="false"
                class="accordion--mobile-only accordion-default-is_initialized"
                data-feature="accordion-default"
                data-only-breakpoint="mobile-size"
              >
                <div>
                  <p>
                    <button
                      class="accordion--btn cta-expand-collapse"
                      data-action="toggle-accordion"
                      type="button"
                    >
                      <span>Mon Metro</span
                      ><img
                        aria-hidden="true"
                        src="./Deli &amp; Prepared Meals _ Metro_files/down--white.svg"
                      />
                    </button>
                  </p>
                  <div class="accordion--text">
                    <ul>
                      <li>
                        <a
                          data-ga-id="footer-nav-level2-my-metro"
                          href="https://www.metro.ca/en/online-grocery/how-it-works"
                          >Online Grocery</a
                        >
                      </li>
                      <li>
                        <a
                          data-ga-id="footer-nav-level2-what-we-offer"
                          href="https://www.metro.ca/en/online-grocery/unlimited-delivery"
                          >Unlimited Delivery</a
                        >
                      </li>
                      <li>
                        <a
                          data-ga-id="footer-nav-level2-my-metro"
                          href="https://www.metro.ca/en/flyer"
                          >Flyer</a
                        >
                      </li>
                      <li>
                        <a
                          data-ga-id="footer-nav-level2-my-metro"
                          href="https://www.metro.ca/en/coupons"
                          >Coupons</a
                        >
                      </li>
                      <li>
                        <a
                          data-ga-id="footer-nav-level2-my-metro"
                          href="https://www.metro.ca/en/recipes-occasions"
                          >Recipes and&nbsp;Occasions</a
                        >
                      </li>
                      <li>
                        <a
                          data-ga-id="footer-nav-level2-my-metro"
                          href="https://www.metro.ca/en/products-to-discover"
                          >Products to Discover</a
                        >
                      </li>
                      <li>
                        <a
                          data-ga-id="footer-nav-level2-my-metro"
                          href="https://www.metro.ca/en/metro-et-moi"
                          >metro&amp;moi</a
                        >
                      </li>
                      <li>
                        <a
                          data-ga-id="footer-nav-level2-my-metro"
                          href="https://www.metro.ca/en/just-for-me/my-tastes"
                          >Just For Me</a
                        >
                      </li>
                      <li>
                        <a
                          data-ga-id="footer-nav-level2-my-metro"
                          href="https://www.metro.ca/en/online-grocery/how-it-works-express-delivery"
                          >Express Delivery</a
                        >
                      </li>
                    </ul>
                  </div>
                </div>
              </div>
              <div
                aria-expanded="false"
                class="accordion--mobile-only accordion-default-is_initialized"
                data-feature="accordion-default"
                data-only-breakpoint="mobile-size"
              >
                <div>
                  <p>
                    <button
                      class="accordion--btn cta-expand-collapse"
                      data-action="toggle-accordion"
                      type="button"
                    >
                      <span>What We Offer</span
                      ><img
                        aria-hidden="true"
                        src="./Deli &amp; Prepared Meals _ Metro_files/down--white.svg"
                      />
                    </button>
                  </p>
                  <div class="accordion--text" data-accordion="content">
                    <ul>
                      <li>
                        <a
                          data-ga-id="footer-nav-level2-what-we-offer"
                          href="https://www.metro.ca/en/our-products-private-brands"
                          >Our Private Brands</a
                        >
                      </li>
                      <li>
                        <a
                          data-ga-id="footer-nav-level2-what-we-offer"
                          href="https://www.metro.ca/en/partners"
                          >Our Partners</a
                        >
                      </li>
                      <li>
                        <a
                          data-ga-id="footer-nav-level2-what-we-offer"
                          href="https://www.metro.ca/en/services"
                          >Services</a
                        >
                      </li>
                      <li>
                        <a
                          data-ga-id="footer-nav-level2-what-we-offer"
                          href="https://www.metro.ca/en/gift-card"
                          >Gift Card</a
                        >
                      </li>
                      <li>
                        <a href="https://www.metro.ca/en/contests">Contests</a>
                      </li>
                    </ul>
                  </div>
                </div>
              </div>
              <div
                aria-expanded="false"
                class="accordion--mobile-only accordion-default-is_initialized"
                data-feature="accordion-default"
                data-only-breakpoint="mobile-size"
              >
                <p>
                  <button
                    class="accordion--btn cta-expand-collapse"
                    data-action="toggle-accordion"
                    type="button"
                  >
                    <span>Get to Know Us</span
                    ><img
                      aria-hidden="true"
                      src="./Deli &amp; Prepared Meals _ Metro_files/down--white.svg"
                    />
                  </button>
                </p>
                <div class="accordion--text">
                  <ul>
                    <li>
                      <a
                        data-ga-id="footer-nav-level2-get-to-know-us"
                        href="http://corpo.metro.ca/en/"
                        >Corporate Site</a
                      >
                    </li>
                    <li>
                      <a
                        data-ga-id="footer-nav-level2-get-to-know-us"
                        href="https://corpo.metro.ca/en/supplier-relations.html"
                        target="_blank"
                        >Supplier Relations</a
                      >
                    </li>
                    <li>
                      <a href="http://corpo.metro.ca/en/about-us.html"
                        >About Us</a
                      >
                    </li>
                    <li>
                      <a
                        data-ga-id="footer-nav-level2-get-to-know-us"
                        href="https://corpo.metro.ca/en/corporate-social-responsibility.html"
                        >Corporate Responsibility</a
                      >
                    </li>
                    <li>
                      <a
                        data-ga-id="footer-nav-level2-get-to-know-us"
                        href="http://corpo.metro.ca/en/careers.html"
                        >Careers</a
                      >
                    </li>
                  </ul>
                </div>
              </div>
            </div>
            <div class="fm--newsletter">
              <div>
                <div class="mb-8">
                  <h3 class="title">Newsletter</h3>
                  <p>
                    Sign up to metro.ca to receive offers and much more!
                    <a
                      data-ga-id="footer-nav-newsletter"
                      href="https://www.metro.ca/en/newsletter"
                      >Learn more</a
                    >
                  </p>
                </div>
                <div>
                  <h3 class="title">Take our survey</h3>
                  <p>
                    Tell us how we're doing. Take the
                    <a
                      data-ga-id="footer-nav-survey"
                      href="https://metrosondage.ca/"
                      >Metro survey</a
                    >
                  </p>
                </div>
              </div>
            </div>
          </div>
          <div class="fm--right flex-parent">
            <div class="fmr--pub fmr--app">
              <div>
                <div>
                  <!-- FR -->
                  <p>
                    <style type="text/css">
                      .page-footer .footer--main .fm--right .fmr--pub {
                        background-image: none;
                        padding: 0 !important;
                        background-color: #464646;
                      }
                      .desktop-tab {
                        display: none;
                      }
                      .desktop-mob {
                        display: none;
                      }
                    </style>
                  </p>
                  <div id="footer-pubtous-bas" style="display: block">
                    <div class="desktop-app">
                      <p>
                        <a
                          data-ga-id="metro-et-moi"
                          href="https://www.metro.ca/en/online-grocery/free-delivery28-qc"
                          onclick="window.dataLayer = window.dataLayer || []; dataLayer.push({ &#39;event&#39;: &#39;GAEvent&#39;, &#39;eventCategory&#39;: &#39;internal promo&#39;, &#39;eventAction&#39;: &#39;footer&#39;, &#39;eventLabel&#39;: &#39;block 1 | free delivery when you buy 3 participating products&#39;});"
                          title="FREE DELIVERY when you buy 3 participating products*"
                          ><img
                            alt="FREE DELIVERY when you buy 3 participating products*"
                            src="./Deli &amp; Prepared Meals _ Metro_files/300x200-Footer-FreeDelivery-QC-EN-V1.jpg"
                            style="
                              width: 300px;
                              height: 200px;
                              border: 1px solid #e3e3e3;
                            "
                        /></a>
                      </p>
                    </div>
                  </div>
                </div>
              </div>
            </div>
            <div class="fmr--pub fmr--pub--last">
              <div>
                <div>
                  <style type="text/css">
                    .page-footer .footer--main .fm--right .fmr--pub {
                      background-image: none;
                      padding: 0 !important;
                      background-color: #464646;
                    }
                    .desktop-tab {
                      display: none;
                    }
                    .desktop-mob {
                      display: none;
                    }</style
                  ><!-- ECOMM 2 en -->
                  <div id="footer-pubtous-bas" style="display: block">
                    <div class="desktop-app">
                      <p>
                        <a
                          data-ga-id="metro-et-moi"
                          href="https://www.metro.ca/en/flyer"
                          onclick="window.dataLayer = window.dataLayer || []; dataLayer.push({ &#39;event&#39;: &#39;GAEvent&#39;, &#39;eventCategory&#39;: &#39;internal promo&#39;, &#39;eventAction&#39;: &#39;footer&#39;, &#39;eventLabel&#39;: &#39;block 2 | offer - multiple discounts&#39;});"
                          title="MULTIPLES DISCOUNT$ - FIND THEM ! - $1 $2 $3 $4 $5"
                          ><img
                            alt="MULTIPLES DISCOUNT$ - FIND THEM ! - $1 $2 $3 $4 $5"
                            src="./Deli &amp; Prepared Meals _ Metro_files/31756-ROS-300x200-EN-V1.gif"
                            style="
                              width: 300px;
                              height: 200px;
                              border: 1px solid #e3e3e3;
                            "
                        /></a>
                      </p>
                    </div>
                  </div>
                </div>
              </div>
            </div>
          </div>
        </div>
        <div class="footer--bottom grid--container">
          <div>
            <p>
              <a
                data-ga-id="footer-nav-top-cta"
                href="https://www.facebook.com/metromonepicier"
                target="_blank"
                ><img
                  alt="Visit our Facebook Page"
                  class="inline-block"
                  src="./Deli &amp; Prepared Meals _ Metro_files/facebook--white.svg"
              /></a>
            </p>
            <p>
              <a
                data-ga-id="footer-nav-top-cta"
                href="https://www.instagram.com/metromonepicier/"
                target="_blank"
                ><img
                  alt="Visit our Instagram"
                  class="inline-block"
                  src="./Deli &amp; Prepared Meals _ Metro_files/instagram--white.svg"
              /></a>
            </p>
            <p>
              <a
                data-ga-id="footer-nav-top-cta"
                href="https://www.youtube.com/user/Metromonepicier"
                target="_blank"
                ><img
                  alt="Visit our YouTube Channel"
                  class="inline-block"
                  src="./Deli &amp; Prepared Meals _ Metro_files/youtube--white.svg"
              /></a>
            </p>
          </div>
        </div>
        <div class="grid-container-medium">
          <div class="footer--sub">
            <div class="accessibility-icon">
              <script>
                window.localStorage.setItem("addressVerified", "true");
              </script>
              <p>
                <a
                  data-ga-id="footer-nav-lower-links"
                  href="https://www.essentialaccessibility.com/metro/?utm_source=metroenhomepage&amp;utm_medium=iconlarge&amp;utm_term=eachannelpage&amp;utm_content=header&amp;utm_campaign=metroen"
                  ><img
                    alt=""
                    src="./Deli &amp; Prepared Meals _ Metro_files/accessibility--colored.svg"
                    width="50"
                /></a>
              </p>
              <p>
                <style type="text/css">
                  #footer-sticky-sac {
                    display: none !important;
                  }
                </style>
              </p>
            </div>
            <div>
              <ul class="mini-nav">
                <li data-ga-id="footer-nav-lower-links">
                  <a
                    class="link-menu-title"
                    href="https://www.metro.ca/en/conditions-of-use"
                    >Terms of Use</a
                  >
                </li>
                <li data-ga-id="footer-nav-lower-links">
                  <a
                    class="link-menu-title"
                    href="https://www.metro.ca/en/online-grocery-policy"
                    >Online Grocery</a
                  >
                </li>
                <li data-ga-id="footer-nav-lower-links">
                  <a
                    class="link-menu-title"
                    href="https://www.metro.ca/en/protection-of-personal-information"
                    >Privacy</a
                  >
                </li>
                <li data-ga-id="footer-nav-lower-links">
                  <a
                    class="link-menu-title"
                    href="https://www.metro.ca/en/cookies"
                    >Cookies</a
                  >
                </li>
              </ul>
            </div>
            <div class="copyright">
              <p class="copyright--text">Â© Metro Richelieu Inc 2023</p>
            </div>
          </div>
        </div>
      </footer>
    </div>
    <script>
      /*<![CDATA[*/
      var pagePathFr = window.location.pathname;
      var pagePathEn = window.location.pathname;
      var pathArray = window.location.pathname.split("/");
      var subSite = pathArray[1];

      var userLanguage = "en";
      if (userLanguage === "en") {
        subSite = pathArray[2];
      }

      var currentSiteContext = "SHOP_ONLINE";

      var switchLangObj = $(".js-change-my-language").first();
      var switchLanguage = "";

      if (switchLangObj.length > 0) {
        switchLanguage = switchLangObj.attr("href");
      }
      if (userLanguage === "en") {
        pagePathFr = switchLanguage;
      } else if (userLanguage === "fr") {
        pagePathEn = switchLanguage;
      }

      var hasLoyaltyCard = false;
      var isRegistered = false;
      var provinceCode = "QC";
      var inCheckoutOrCart = false;
      var isFastCheckoutGroceryActivated = false;
      var userStoreId = 80;
      var userStoreName = "Alimentation Johny B\u00E9lair Inc.";
      var userLoyaltyProgram = "METRO_ET_MOI";
      var ga4LoyaltyProgram = "metro et moi";
      var isAccountWithOrders = false;
      var userTypeEcom = isRegistered
        ? isAccountWithOrders
          ? "connected with purchase"
          : "connected without purchase"
        : "not connected";
      var ecomUserSegment = isRegistered
        ? isAccountWithOrders
          ? "connected with purchase"
          : "connected without purchase"
        : "generic";
      var userEmail = null;
      var pixelSnapchatEnabled = false;
      var pixelTikTokEnabled = false;
      var isThunderbuck = false;
      var userId = null;
      var uPassStatus = undefined;
      var uPassExpiration = undefined;

      assignUPassDataLayerValues();

      if (isThunderbuck) {
        provinceCode += "-TB";
      }

      var userType = [];

      if (isRegistered) {
        userType.push("connecte");
      } else {
        userType.push("non-connecte");
      }
      if (hasLoyaltyCard) {
        userType.push("carte");
      } else {
        userType.push("non-carte");
      }

      var subSiteDataLayer = "vitrine";
      if (inCheckoutOrCart === true) {
        subSiteDataLayer = "checkout";
      } else if (currentSiteContext === "SHOP_ONLINE") {
        subSiteDataLayer = "ecomm grocery";
      }

      var favoriteStore = formatFavoriteStore(userStoreId, userStoreName);

      dataLayer = [
        {
          groceryRegion: provinceCode,
          userLanguage: userLanguage,
          siteSection: !subSite ? "home" : subSite,
          userType: userType.join("/"),
          userTypeEcom: userTypeEcom,
          pagePathFR: pagePathFr,
          pagePathEN: pagePathEn,
          subSite: subSiteDataLayer,
          favoriteStore: favoriteStore,
          userID: userId,
          checkoutType: !!isFastCheckoutGroceryActivated
            ? "fast-checkout"
            : "full-checkout",
          upass: uPassStatus,
          upass_expiration: uPassExpiration,
        },
      ];

      function assignUPassDataLayerValues() {
        let userProfile = {
          webAccount: {
            webAccountId: 1633687255,
            shoppingListInfo: {
              shoppingListId: 1631917429,
              numberOfItems: 0,
              numberOfItemsByQuantity: 0,
            },
            cartId: null,
            anonymous: false,
            newAccount: false,
            geolocationFailed: false,
            inactiveStore: false,
            store: {
              id: 80,
              name: "Alimentation Johny B\u00E9lair Inc.",
              civicAddress: "3575",
              street: "Avenue Du Parc,  Suite 5100",
              city: "Montr\u00E9al",
              province: "QC",
              postalCode: "H2X 3P9",
              loyaltyProgram: 1,
              operationalStoreId: "0000000380",
              active: true,
              open: true,
              open24H: false,
              ecommerce: false,
              ecommExpanded: true,
              zoneStoreId: 170,
              clickCollect: false,
              mpriority: true,
              mondayFrom: null,
              mondayTo: null,
              tuesdayFrom: null,
              tuesdayTo: null,
              wednesdayFrom: null,
              wednesdayTo: null,
              thursdayFrom: null,
              thursdayTo: null,
              fridayFrom: null,
              fridayTo: null,
              saturdayFrom: null,
              saturdayTo: null,
              sundayFrom: null,
              sundayTo: null,
            },
            ipAddress: "192.197.121.154",
            lastConnection: "2023-01-28T17:15:10.177-05:00",
            cookieKey: "d582b512-b828-47b0-b92e-4db2491268bc",
            robot: false,
            registeredAccountIdRef: null,
            emailAddressRef: null,
            loyaltyProgramRef: null,
            cardNumberPrefixRef: null,
            cardNumberRef: null,
            cardNumberSuffixRef: null,
            firstNameRef: null,
            shoppingListId: 1631917429,
            shoppingListNumberOfItems: 0,
          },
          encContextToken: null,
          contextToken: null,
          anonymousWithCardLinked: false,
          anonymousWithCardNotLinked: false,
          loginFormSeen: false,
          status: "ENABLED",
          anonymous: true,
          fullName: "",
          metroClientId: null,
          loyaltyProgramVerified: false,
          previousLoginAttemptFail: false,
          lastName: "",
          robot: false,
          cardLinked: false,
          metroAccountId: null,
          cartStarterCreated: false,
          lifestyle: "",
          digitalCard: false,
          cardNumber: "",
          fullCardNumber: "",
          accountWithOrders: false,
          fastCheckoutInitialized: true,
          prefersVegetarian: false,
          registeredAccountId: null,
          maskedCardNumber: "",
          userFastCheckoutEcomStore: null,
          email: null,
          addressToConfirm: false,
          fastCheckoutActivated: false,
          firstName: "",
          multiPassEnabled: false,
          optInTermsAndConditions: false,
          cookieKey: "d582b512-b828-47b0-b92e-4db2491268bc",
          registered: false,
          webAccountId: 1633687255,
          shoppingListId: 1631917429,
          account: {
            webAccountId: 1633687255,
            shoppingListInfo: {
              shoppingListId: 1631917429,
              numberOfItems: 0,
              numberOfItemsByQuantity: 0,
            },
            cartId: null,
            anonymous: false,
            newAccount: false,
            geolocationFailed: false,
            inactiveStore: false,
            store: {
              id: 80,
              name: "Alimentation Johny B\u00E9lair Inc.",
              civicAddress: "3575",
              street: "Avenue Du Parc,  Suite 5100",
              city: "Montr\u00E9al",
              province: "QC",
              postalCode: "H2X 3P9",
              loyaltyProgram: 1,
              operationalStoreId: "0000000380",
              active: true,
              open: true,
              open24H: false,
              ecommerce: false,
              ecommExpanded: true,
              zoneStoreId: 170,
              clickCollect: false,
              mpriority: true,
              mondayFrom: null,
              mondayTo: null,
              tuesdayFrom: null,
              tuesdayTo: null,
              wednesdayFrom: null,
              wednesdayTo: null,
              thursdayFrom: null,
              thursdayTo: null,
              fridayFrom: null,
              fridayTo: null,
              saturdayFrom: null,
              saturdayTo: null,
              sundayFrom: null,
              sundayTo: null,
            },
            ipAddress: "192.197.121.154",
            lastConnection: "2023-01-28T17:15:10.177-05:00",
            cookieKey: "d582b512-b828-47b0-b92e-4db2491268bc",
            robot: false,
            registeredAccountIdRef: null,
            emailAddressRef: null,
            loyaltyProgramRef: null,
            cardNumberPrefixRef: null,
            cardNumberRef: null,
            cardNumberSuffixRef: null,
            firstNameRef: null,
            shoppingListId: 1631917429,
            shoppingListNumberOfItems: 0,
          },
          shoppingListNumberOfItems: 0,
          storeInactive: false,
          userStore: {
            id: 80,
            name: "Alimentation Johny B\u00E9lair Inc.",
            civicAddress: "3575",
            street: "Avenue Du Parc,  Suite 5100",
            city: "Montr\u00E9al",
            province: "QC",
            postalCode: "H2X 3P9",
            loyaltyProgram: 1,
            operationalStoreId: "0000000380",
            active: true,
            open: true,
            open24H: false,
            ecommerce: false,
            ecommExpanded: true,
            zoneStoreId: 170,
            clickCollect: false,
            mpriority: true,
            mondayFrom: null,
            mondayTo: null,
            tuesdayFrom: null,
            tuesdayTo: null,
            wednesdayFrom: null,
            wednesdayTo: null,
            thursdayFrom: null,
            thursdayTo: null,
            fridayFrom: null,
            fridayTo: null,
            saturdayFrom: null,
            saturdayTo: null,
            sundayFrom: null,
            sundayTo: null,
          },
          loyaltyProgram: "METRO_ET_MOI",
          province: "QC",
          newAccount: false,
          geolocationFailed: false,
        };
        if (
          isRegistered &&
          userProfile !== undefined &&
          userProfile !== null &&
          userProfile.registeredAccount !== undefined &&
          userProfile.registeredAccount !== null
        ) {
          uPassStatus = false;
          uPassExpiration = null;
          if (
            userProfile.registeredAccount.multiPassTo !== undefined &&
            userProfile.registeredAccount.multiPassTo !== null
          ) {
            let today = new Date();
            let multiPassTo = new Date(
              userProfile.registeredAccount.multiPassTo
            );
            if (multiPassTo.getTime() > today.getTime()) {
              uPassStatus = true;
              uPassExpiration = userProfile.registeredAccount.multiPassTo;
            }
          }
        }
      }

      function formatFavoriteStore(storeId, storeName) {
        let favoriteStore = "";
        if (storeId && storeName) {
          if (!String.prototype.padStart) {
            String.prototype.padStart = function padStart(
              targetLength,
              padString
            ) {
              targetLength = targetLength >> 0; //truncate if number or convert non-number to 0;
              padString = String(
                typeof padString !== "undefined" ? padString : " "
              );
              if (this.length > targetLength) {
                return String(this);
              } else {
                targetLength = targetLength - this.length;
                if (targetLength > padString.length) {
                  padString += padString.repeat(
                    targetLength / padString.length
                  ); //append to original to ensure we are longer than needed
                }
                return padString.slice(0, targetLength) + String(this);
              }
            };
          }
          favoriteStore += String(storeId).padStart(3, "0");
          favoriteStore +=
            "_" +
            storeName
              .replace(/(^\s*$)|(\s*$)|(<[^>]*>)/gm, "")
              .replace(/\s/g, "-")
              .toLowerCase()
              .trim();
        }
        return favoriteStore;
      }
      /*]]>*/
    </script>
    <script>
      document.addEventListener("ftr:tokenReady", function (evt) {
        let forterToken = evt.detail;
        if (typeof forterToken !== "undefined") {
          TINK.setCookie("forter-uid", forterToken);
        }
      });
    </script>
    <script type="text/javascript" id="f937ea074362">
      (function () {
        var merchantConfig = {
          csp: false,
        };

        var siteId = "f937ea074362";
        function t(t, n) {
          for (var e = t.split(""), r = 0; r < e.length; ++r)
            e[r] = String.fromCharCode(e[r].charCodeAt(0) + n);
          return e.join("");
        }
        function n(n) {
          return t(n, -S).replace(/%SN%/g, siteId);
        }
        function e() {
          var t = "no" + "op" + "fn",
            n = "g" + "a",
            e = "n" + "ame";
          return window[n] && window[n][e] === t;
        }
        function r() {
          return !(
            !navigator.brave || "function" != typeof navigator.brave.isBrave
          );
        }
        function o() {
          return document.currentScript && document.currentScript.src;
        }
        function i(t) {
          try {
            (B.ex = t),
              e() && -1 === B.ex.indexOf(R.uB) && (B.ex += R.uB),
              r() && -1 === B.ex.indexOf(R.uBr) && (B.ex += R.uBr),
              o() && -1 === B.ex.indexOf(R.nIL) && (B.ex += R.nIL),
              window.ftr__snp_cwc || (B.ex += R.s),
              F(B);
          } catch (t) {}
        }
        function c(t, n) {
          function e(o) {
            try {
              o.blockedURI === t && (n(), document.removeEventListener(r, e));
            } catch (t) {
              document.removeEventListener(r, e);
            }
          }
          var r = "securitypolicyviolation";
          document.addEventListener(r, e),
            setTimeout(function () {
              document.removeEventListener(r, e);
            }, 2 * 60 * 1e3);
        }
        function a(t, n, e, r) {
          var o = !1;
          (t = "https://" + t),
            c(t, function () {
              r(!0), (o = !0);
            });
          var i = document.createElement("script");
          (i.onerror = function () {
            if (!o)
              try {
                r(!1), (o = !0);
              } catch (t) {}
          }),
            (i.onload = e),
            (i.type = "text/javascript"),
            (i.id = "ftr__script"),
            (i.async = !0),
            (i.src = t);
          var a = document.getElementsByTagName("script")[0];
          a.parentNode.insertBefore(i, a);
        }
        function u(t, n, e, r) {
          var o = !1,
            i = new XMLHttpRequest();
          if (
            (c("https:" + t, function () {
              e(new Error("CSP Violation"), !0), (o = !0);
            }),
            "withCredentials" in i)
          )
            i.open("GET", t, !0);
          else {
            if ("undefined" == typeof XDomainRequest) return;
            (i = new XDomainRequest()), i.open("GET", t);
          }
          Object.keys(r).forEach(function (t) {
            i.setRequestHeader(t, r[t]);
          }),
            (i.onload = function () {
              "function" == typeof n && n(i);
            }),
            (i.onerror = function (t) {
              if ("function" == typeof e && !o)
                try {
                  e(t, !1), (o = !0);
                } catch (t) {}
            }),
            (i.onprogress = function () {}),
            (i.ontimeout = function () {
              "function" == typeof e && e("tim" + "eo" + "ut", !1);
            }),
            setTimeout(function () {
              i.send();
            }, 0);
        }
        function d(t, siteId, n) {
          function e(t) {
            var n = t.toString(16);
            return n.length % 2 ? "0" + n : n;
          }
          function r(t) {
            if (t <= 0) return "";
            for (var n = "0123456789abcdef", e = "", r = 0; r < t; r++)
              e += n[Math.floor(Math.random() * n.length)];
            return e;
          }
          function o(t) {
            for (var n = "", r = 0; r < t.length; r++) n += e(t.charCodeAt(r));
            return n;
          }
          function i(t) {
            for (var n = t.split(""), e = 0; e < n.length; ++e)
              n[e] = String.fromCharCode(255 ^ n[e].charCodeAt(0));
            return n.join("");
          }
          n = n ? "1" : "0";
          var c = [];
          return (
            c.push(t),
            c.push(siteId),
            c.push(n),
            (function (t) {
              var n = 40,
                e = "";
              return (
                t.length < n / 2 && (e = "," + r(n / 2 - t.length - 1)),
                o(i(t + e))
              );
            })(c.join(","))
          );
        }
        function f() {
          function t() {
            C && (Q(R.dUAL), setTimeout(s, E, R.dUAL));
          }
          function n(t, n) {
            i(n ? R.uAS + R.uF + R.cP : R.uAS + R.uF);
          }
          window.ftr__fdad(t, n);
        }
        function s(t) {
          try {
            var n = t === R.uDF ? q : C;
            if (!n) return;
            a(
              n,
              void 0,
              function () {
                try {
                  X(), i(t + R.uS);
                } catch (t) {}
              },
              function (n) {
                try {
                  X(),
                    (B.td = 1 * new Date() - B.ts),
                    i(n ? t + R.uF + R.cP : t + R.uF),
                    t === R.uDF && f();
                } catch (t) {
                  i(R.eUoe);
                }
              }
            );
          } catch (n) {
            i(t + R.eTlu);
          }
        }
        var h = "22g6otrwjeq6qsu1forxgiurqw1qhw2vwdwxv",
          v = "fort",
          w = "erTo",
          l = "ken";
        window.ftr__config = { m: merchantConfig, s: "15", si: siteId };
        var m = !1,
          p = v + w + l,
          g = 10,
          _ = {
            write: function (t, n, e, r) {
              void 0 === r && (r = !0);
              var o, i;
              if (
                (e
                  ? ((o = new Date()),
                    o.setTime(o.getTime() + 24 * e * 60 * 60 * 1e3),
                    (i = "; expires=" + o.toGMTString()))
                  : (i = ""),
                !r)
              )
                return void (document.cookie =
                  escape(t) + "=" + escape(n) + i + "; path=/");
              for (
                var c = 1, a = document.domain.split("."), u = g, d = !0;
                d && a.length >= c && u > 0;

              ) {
                var f = a.slice(-c).join(".");
                document.cookie =
                  escape(t) + "=" + escape(n) + i + "; path=/; domain=" + f;
                var s = _.read(t);
                (null != s && s == n) ||
                  ((f = "." + f),
                  (document.cookie =
                    escape(t) + "=" + escape(n) + i + "; path=/; domain=" + f)),
                  (d = -1 === document.cookie.indexOf(t + "=" + n)),
                  c++,
                  u--;
              }
            },
            read: function (t) {
              var n = null;
              try {
                for (
                  var e = escape(t) + "=",
                    r = document.cookie.split(";"),
                    o = 32,
                    i = 0;
                  i < r.length;
                  i++
                ) {
                  for (var c = r[i]; c.charCodeAt(0) === o; )
                    c = c.substring(1, c.length);
                  0 === c.indexOf(e) &&
                    (n = unescape(c.substring(e.length, c.length)));
                }
              } finally {
                return n;
              }
            },
          },
          y = window.ftr__config.s;
        y += "ck";
        var T = function (t) {
            if (document.head) {
              var n = (function () {
                var n = document.createElement("link");
                return (
                  n.setAttribute("rel", "pre" + "con" + "nect"),
                  n.setAttribute("cros" + "sori" + "gin", "anonymous"),
                  (n.onload = function () {
                    document.head.removeChild(n);
                  }),
                  (n.onerror = function (t) {
                    document.head.removeChild(n);
                  }),
                  n.setAttribute("href", t),
                  document.head.appendChild(n),
                  n
                );
              })();
              setTimeout(function () {
                document.head.removeChild(n);
              }, 3e3);
            }
          },
          S = 3,
          x = n(h || "22g6otrwjeq6qsu1forxgiurqw1qhw2vwdwxv"),
          A = t("[0Uhtxhvw0LG", -S),
          L = t("[0Fruuhodwlrq0LG", -S),
          k = t("Li0Qrqh0Pdwfk", -S),
          C,
          U = "fgq71iruwhu1frp",
          q = n("(VQ(1" + U + "2vq2(VQ(2vfulsw1mv"),
          D = n("(VQ(1" + U + "2vqV2(VQ(2vfulsw1mv"),
          E = 10;
        window.ftr__startScriptLoad = 1 * new Date();
        var b = function (t) {
            var n = "ft" + "r:tok" + "enR" + "eady";
            window.ftr__tt && clearTimeout(window.ftr__tt),
              (window.ftr__tt = setTimeout(function () {
                try {
                  delete window.ftr__tt, (t += "_tt");
                  var e = document.createEvent("Event");
                  e.initEvent(n, !1, !1),
                    (e.detail = t),
                    document.dispatchEvent(e);
                } catch (t) {}
              }, 1e3));
          },
          F = function (t) {
            var n = function (t) {
                return t || "";
              },
              e =
                n(t.id) +
                "_" +
                n(t.ts) +
                "_" +
                n(t.td) +
                "_" +
                n(t.ex) +
                "_" +
                n(y);
            _.write(p, e, 1825, !0), b(e), (window.ftr__gt = e);
          },
          I = function () {
            var t = _.read(p) || "",
              n = t.split("_"),
              e = function (t) {
                return n[t] || void 0;
              };
            return { id: e(0), ts: e(1), td: e(2), ex: e(3), vr: e(4) };
          },
          V = (function () {
            for (var t = {}, n = "fgu", e = [], r = 0; r < 256; r++)
              e[r] = (r < 16 ? "0" : "") + r.toString(16);
            var o = function (t, n, r, o, i) {
                var c = i ? "-" : "";
                return (
                  e[255 & t] +
                  e[(t >> 8) & 255] +
                  e[(t >> 16) & 255] +
                  e[(t >> 24) & 255] +
                  c +
                  e[255 & n] +
                  e[(n >> 8) & 255] +
                  c +
                  e[((n >> 16) & 15) | 64] +
                  e[(n >> 24) & 255] +
                  c +
                  e[(63 & r) | 128] +
                  e[(r >> 8) & 255] +
                  c +
                  e[(r >> 16) & 255] +
                  e[(r >> 24) & 255] +
                  e[255 & o] +
                  e[(o >> 8) & 255] +
                  e[(o >> 16) & 255] +
                  e[(o >> 24) & 255]
                );
              },
              i = function () {
                if (
                  window.Uint32Array &&
                  window.crypto &&
                  window.crypto.getRandomValues
                ) {
                  var t = new window.Uint32Array(4);
                  return (
                    window.crypto.getRandomValues(t),
                    { d0: t[0], d1: t[1], d2: t[2], d3: t[3] }
                  );
                }
                return {
                  d0: (4294967296 * Math.random()) >>> 0,
                  d1: (4294967296 * Math.random()) >>> 0,
                  d2: (4294967296 * Math.random()) >>> 0,
                  d3: (4294967296 * Math.random()) >>> 0,
                };
              },
              c = function () {
                var t = "",
                  n = function (t, n) {
                    for (var e = "", r = t; r > 0; --r)
                      e += n.charAt((1e3 * Math.random()) % n.length);
                    return e;
                  };
                return (
                  (t += n(2, "0123456789")),
                  (t += n(1, "123456789")),
                  (t += n(8, "0123456789"))
                );
              };
            return (
              (t.safeGenerateNoDash = function () {
                try {
                  var t = i();
                  return o(t.d0, t.d1, t.d2, t.d3, !1);
                } catch (t) {
                  try {
                    return n + c();
                  } catch (t) {}
                }
              }),
              (t.isValidNumericalToken = function (t) {
                return (
                  t &&
                  t.toString().length <= 11 &&
                  t.length >= 9 &&
                  parseInt(t, 10).toString().length <= 11 &&
                  parseInt(t, 10).toString().length >= 9
                );
              }),
              (t.isValidUUIDToken = function (t) {
                return t && 32 === t.toString().length && /^[a-z0-9]+$/.test(t);
              }),
              (t.isValidFGUToken = function (t) {
                return 0 == t.indexOf(n) && t.length >= 12;
              }),
              t
            );
          })(),
          R = {
            uDF: "UDF",
            dUAL: "dUAL",
            uAS: "UAS",
            mLd: "1",
            eTlu: "2",
            eUoe: "3",
            uS: "4",
            uF: "9",
            tmos: ["T5", "T10", "T15", "T30", "T60"],
            tmosSecs: [5, 10, 15, 30, 60],
            bIR: "43",
            uB: "u",
            uBr: "b",
            cP: "c",
            nIL: "i",
            s: "s",
          };
        try {
          var B = I();
          try {
            B.id &&
            (V.isValidNumericalToken(B.id) ||
              V.isValidUUIDToken(B.id) ||
              V.isValidFGUToken(B.id))
              ? (window.ftr__ncd = !1)
              : ((B.id = V.safeGenerateNoDash()), (window.ftr__ncd = !0)),
              (B.ts = window.ftr__startScriptLoad),
              F(B),
              (window.ftr__snp_cwc = !!_.read(p)),
              window.ftr__snp_cwc || (q = D);
            for (
              var G = "for" + "ter" + ".co" + "m",
                M = "ht" + "tps://c" + "dn9." + G,
                O = "ht" + "tps://" + B.id + "-" + siteId + ".cd" + "n." + G,
                j = "http" + "s://cd" + "n3." + G,
                N = [M, O, j],
                H = 0;
              H < N.length;
              H++
            )
              T(N[H]);
            var P = new Array(R.tmosSecs.length),
              Q = function (t) {
                for (var n = 0; n < R.tmosSecs.length; n++)
                  P[n] = setTimeout(i, 1e3 * R.tmosSecs[n], t + R.tmos[n]);
              },
              X = function () {
                for (var t = 0; t < R.tmosSecs.length; t++) clearTimeout(P[t]);
              };
            (window.ftr__fdad = function (n, e) {
              if (!m) {
                m = !0;
                var r = {};
                (r[k] = d(
                  window.ftr__config.s,
                  siteId,
                  window.ftr__config.m.csp
                )),
                  u(
                    x,
                    function (e) {
                      try {
                        var r = e.getAllResponseHeaders().toLowerCase();
                        if (r.indexOf(L.toLowerCase()) >= 0) {
                          var o = e.getResponseHeader(L);
                          window.ftr__altd2 = t(atob(o), -S - 1);
                        }
                        if (r.indexOf(A.toLowerCase()) < 0) return;
                        var i = e.getResponseHeader(A),
                          c = t(atob(i), -S - 1);
                        if (c) {
                          var a = c.split(":");
                          if (a && 2 === a.length) {
                            for (
                              var u = a[0], d = a[1], f = "", s = 0, h = 0;
                              s < 20;
                              ++s
                            )
                              f +=
                                s % 3 > 0 && h < 12
                                  ? siteId.charAt(h++)
                                  : B.id.charAt(s);
                            var v = d.split(",");
                            if (v.length > 1) {
                              var w = v[0],
                                l = v[1];
                              C = u + "/" + w + "." + f + "." + l;
                            }
                          }
                        }
                        n();
                      } catch (t) {}
                    },
                    function (t, n) {
                      e && e(t, n);
                    },
                    r
                  );
              }
            }),
              Q(R.uDF),
              setTimeout(s, E, R.uDF);
          } catch (t) {
            i(R.mLd);
          }
        } catch (t) {}
      })();
    </script>
    <script>
      // <![CDATA[
      (function (w, d, s, l, i) {
        w[l] = w[l] || [];
        w[l].push({
          "gtm.start": new Date().getTime(),
          event: "gtm.js",
        });
        var f = d.getElementsByTagName(s)[0],
          j = d.createElement(s),
          dl = l != "dataLayer" ? "&l=" + l : "";
        j.async = true;
        j.src = "//www.googletagmanager.com/gtm.js?id=" + i + dl;
        f.parentNode.insertBefore(j, f);
      })(window, document, "script", "dataLayer", "GTM-PSWZRJ");
      // ]]>
    </script>
    <noscript
      ><iframe
        src="//www.googletagmanager.com/ns.html?id=GTM-PSWZRJ"
        height="0"
        width="0"
        style="display: none; visibility: hidden"
      ></iframe
    ></noscript>
    <script>
      function oneTagPopulateFilters() {
        let filters = [];

        $(".products-filter--container")
          .not(".products-filter--container--mobile")
          .find(".accordion--item")
          .each(function () {
            let filterBlock = $(this);
            let filterValues = [];

            filterBlock.find('input[type="checkbox"]').each(function () {
              if ($(this).prop("checked")) {
                filterValues.push($(this).attr("id"));
              }
            });

            if (filterValues.length > 0) {
              filters.push({
                name: filterBlock.find(".accordion--btn").text(),
                operator: "eq",
                value: filterValues.toString(),
              });
            }
          });

        return filters;
      }

      function criteoPushEvents(page, params) {
        const criteoKey = "94749";
        const retailerVisitorId = TINK.getCookie(
          "CRITEO_RETAILER_VISITOR_COOKIE"
        );
        const registeredAccountId = "unregistered";
        const siteType = Revealizr.isDesktopSize ? "d" : "m";
        window.criteo_q = window.criteo_q || [];
        switch (page) {
          case "home":
            window.criteo_q.push(
              { event: "setAccount", account: criteoKey },
              { event: "setRetailerVisitorId", id: retailerVisitorId },
              { event: "setCustomerId", id: registeredAccountId },
              { event: "setSiteType", type: siteType },
              {
                event: "viewHome",
                page_id: Revealizr.isDesktopSize
                  ? "viewHome_desktop"
                  : "viewHome_mobile",
              }
            );
            break;
          case "plp":
            window.criteo_q.push(
              { event: "setAccount", account: criteoKey },
              { event: "setRetailerVisitorId", id: retailerVisitorId },
              { event: "setCustomerId", id: registeredAccountId },
              { event: "setSiteType", type: siteType },
              {
                event: "viewCategory",
                item: params.items,
                page_id: Revealizr.isDesktopSize
                  ? "viewCategory_desktop"
                  : "viewCategory_mobile",
                category: params.category,
                page_number: 1,
                filters: params.filters,
              }
            );
            break;
          case "pdp":
            window.criteo_q.push(
              { event: "setAccount", account: criteoKey },
              { event: "setRetailerVisitorId", id: retailerVisitorId },
              { event: "setCustomerId", id: registeredAccountId },
              { event: "setSiteType", type: siteType },
              {
                event: "viewItem",
                item: params.sku,
                category: params.category,
                price: params.price,
                availability: params.availability,
                page_id: Revealizr.isDesktopSize
                  ? "viewItem_desktop"
                  : "viewItem_mobile",
                store_id: params.store_id,
              }
            );
            break;
          default:
            window.criteo_q.push(
              { event: "setAccount", account: criteoKey },
              { event: "setRetailerVisitorId", id: retailerVisitorId },
              { event: "setCustomerId", id: registeredAccountId },
              { event: "setSiteType", type: siteType },
              {
                event: "viewHome",
                page_id: Revealizr.isDesktopSize
                  ? "viewHome_desktop"
                  : "viewHome_mobile",
              }
            );
            break;
        }
      }

      $(document).ready(function () {
        // Homepage
        if (
          window.location.pathname == "/epicerie-en-ligne" ||
          window.location.pathname == "/en/online-grocery"
        ) {
          criteoPushEvents("home");
        }

        // PLP
        if (
          $(".layout--catalog").length > 0 &&
          document.querySelector(".layout--catalog") !== undefined &&
          !(
            window.location.pathname == "/epicerie-en-ligne" ||
            window.location.pathname == "/en/online-grocery"
          )
        ) {
          const productsList = document.querySelectorAll(".item-addToCart");
          let skuList = [];

          if (productsList.length > 0) {
            productsList.forEach(function (product) {
              skuList.push(product.dataset.productCode);
            });

            criteoPushEvents("plp", {
              items: skuList,
              filters: oneTagPopulateFilters(),
              category:
                document.querySelectorAll(".item-addToCart")[0].dataset
                  .productCategoryId,
            });
          }
        }
      });
    </script>
    <script src="./Deli &amp; Prepared Meals _ Metro_files/script-plugins.js"></script>
    <script src="./Deli &amp; Prepared Meals _ Metro_files/script-foot.js"></script>
    <div class="remodal-overlay remodal-is-closed" style="display: none"></div>
    <div
      class="remodal-wrapper remodal-is-closed"
      aria-hidden="true"
      style="display: none"
    >
      <div
        class="remodal remodal-delete-all-minicart-items remodal-is-initialized remodal-is-closed"
        data-remodal-id="delete-all-minicart-items"
        data-remodal-options="hashTracking: false"
        tabindex="-1"
      >
        <div class="remodal-title typo--07">
          <div class="focusable" tabindex="0">Important!</div>
          <div>
            <button data-remodal-action="close" class="remodal-close">
              Close
            </button>
          </div>
        </div>
        <div class="remodal-content">
          <p class="body-medium-regular">
            Are you sure you want to empty your cart?
          </p>
          <div class="actions">
            <button
              data-remodal-action="confirm"
              class="remodal-confirm btn--black"
            >
              Yes
            </button>
            <button
              data-remodal-action="cancel"
              class="remodal-cancel btn--link"
            >
              No
            </button>
          </div>
        </div>
      </div>
    </div>
    <ul
      class="ui-autocomplete ui-front ui-menu ui-widget ui-widget-content"
      id="ui-id-1"
      tabindex="0"
      style="display: none"
    ></ul>
    <span
      role="status"
      aria-live="assertive"
      aria-relevant="additions"
      class="ui-helper-hidden-accessible"
    ></span>
    <div class="cookie-consent">
      <div class="cookie-consent--container">
        <div class="item-text">
          <div>
            This website uses cookies to provide you with an optimal navigation
            experience.
            <a
              href="https://www.metro.ca/en/protection-of-personal-information"
              aria-label="learn more about cookies"
              tabindex="0"
              rel="noopener noreferrer nofollow"
              target="_blank"
              onclick="pushDataLayerCookieConsentConditions();"
              >Privacy Protection Policy</a
            >
          </div>
        </div>
        <div class="item-link">
          <a
            href="https://www.metro.ca/en/protection-of-personal-information"
            aria-label="learn more about cookies"
            rel="noopener noreferrer nofollow"
            target="_blank"
            onclick="pushDataLayerCookieConsentConditions();"
            >Privacy Protection Policy</a
          >
        </div>
        <div class="item-button"><button>I understand</button></div>
      </div>
    </div>
  </body>
</html>
